@INPROCEEDINGS{Cooper2004, 
author={Cooper, K. and Dasgupta, A. and Kennedy, K. and Koelbel, C. and Mandal, A. and Marin, G. and Mazina, M. and Mellor-Crummey, J. and Berman, F. and Casanova, H. and Chien, A. and Dail, H. and Liu, X. and Olugbile, A. and Sievert, O. and Xia, H. and Johnsson, L. and Liu, B. and Patel, M. and Reed, D. and Deng, W. and Mendes, C. and Shi, Z. and YarKhan, A. and Dongarra, J.}, 
booktitle={Parallel and Distributed Processing Symposium, 2004. Proceedings. 18th International}, title={New grid scheduling and rescheduling methods in the GrADS project}, 
year={2004}, 
pages={199-}, 
doi={10.1109/IPDPS.2004.1303222},}

@INPROCEEDINGS{Bosilca2011, 
author={Bosilca, G. and Bouteiller, A. and Danalis, A. and Herault, T. and Lemarinier, P. and Dongarra, J.}, 
booktitle={Parallel and Distributed Processing Workshops and Phd Forum (IPDPSW), 2011 IEEE International Symposium on}, title={DAGuE: A Generic Distributed DAG Engine for High Performance Computing}, 
year={2011}, 
pages={1151-1158}, 
doi={10.1109/IPDPS.2011.281}, 
ISSN={1530-2075},},

@INPROCEEDINGS{Yu2007, 
author={Zhifeng Yu and Weisong Shi}, 
booktitle={Parallel and Distributed Processing Symposium, 2007. IPDPS 2007. IEEE International}, title={An Adaptive Rescheduling Strategy for Grid Workflow Applications}, 
year={2007}, 
pages={1-8}, 
doi={10.1109/IPDPS.2007.370305},},

@article{Sakellariou2004,
 author = {Sakellariou, Rizos and Zhao, Henan},
 title = {A low-cost rescheduling policy for efficient mapping of workflows on grid systems},
 journal = {Sci. Program.},
 issue_date = {December 2004},
 volume = {12},
 number = {4},
 month = dec,
 year = {2004},
 issn = {1058-9244},
 pages = {253--262},
 numpages = {10},
 url = {http://dl.acm.org/citation.cfm?id=1240160.1240165},
 acmid = {1240165},
 publisher = {IOS Press},
 address = {Amsterdam, The Netherlands, The Netherlands},
},

@INPROCEEDINGS{Yu2008, 
author={Jiong Yu and Guo-Zhong Tian and Ling Cheng}, 
booktitle={Embedded and Ubiquitous Computing, 2008. EUC '08. IEEE/IFIP International Conference on}, title={Allocating Resource in Grid Workflow Based on State Prediction}, 
year={2008}, 
volume={2}, 
pages={417-422}, 
doi={10.1109/EUC.2008.35},},

@INPROCEEDINGS{Huu2010, 
author={Huu, T.T. and Montagnat, J.}, 
booktitle={Cluster, Cloud and Grid Computing (CCGrid), 2010 10th IEEE/ACM International Conference on}, title={Virtual Resources Allocation for Workflow-Based Applications Distribution on a Cloud Infrastructure}, 
year={2010}, 
pages={612-617}, 
keywords={Biomedical imaging;Cloud computing;Cost function;Distributed computing;Grid computing;Laboratories;Large-scale systems;Logic;Processor scheduling;Resource management;cloud infrastructures;resources allocation;workflows}, 
doi={10.1109/CCGRID.2010.23},}
@article{Khajevand2012,author = {Vahid Khajevand and Hossein Pedram and Mostafa Zandieh},title = {Provisioning-Based Resource Management for Effective Workflow Scheduling on Utility Grids},journal ={Cluster Computing and the Grid, IEEE International Symposium on},volume = {0},isbn = {978-0-7695-4691-9},year = {2012},pages = {719-720},doi = {http://doi.ieeecomputersociety.org/10.1109/CCGrid.2012.103},publisher = {IEEE Computer Society},address = {Los Alamitos, CA, USA},},

@INPROCEEDINGS{Pop2008, 
author={Pop, F. and Dobre, C. and Cristea, V.}, 
booktitle={Symbolic and Numeric Algorithms for Scientific Computing, 2008. SYNASC '08. 10th International Symposium on}, title={Decentralized Dynamic Resource Allocation for Workflows in Grid Environments}, 
year={2008}, 
pages={557-563}, 
doi={10.1109/SYNASC.2008.15},},

@inproceedings{Adamuthe2011,
 author = {Adamuthe, A. C. and Bichkar, R. S.},
 title = {Minimizing job completion time in grid scheduling with resource and timing constraints using genetic algorithm},
 booktitle = {Proceedings of the International Conference \&\#38; Workshop on Emerging Trends in Technology},
 series = {ICWET '11},
 year = {2011},
 isbn = {978-1-4503-0449-8},
 location = {Mumbai, Maharashtra, India},
 pages = {338--343},
 numpages = {6},
 url = {http://doi.acm.org/10.1145/1980022.1980097},
 doi = {10.1145/1980022.1980097},
 acmid = {1980097},
 publisher = {ACM},
 address = {New York, NY, USA},
},  


@article{Soni2010,
title="Grouping-based job scheduling model in grid computing",
journal="WorldAcademy of Science, Engineering and Technology",
year="2005",
volume="65",
pages="781",
author="Soni, Vishnu Kant and Sharma, Raksha and Mishra, Manoj Kumar",
},
@article{Ang2009,
title="A bandwidth-aware job grouping-based scheduling on grid environment",
journal="Information Technology Journal",
number="8",
pages="372-377",
year="2009",
author="T.F. Ang, W.K. Ng, T.C. Ling, L.Y. Por and C.S. Liew"
},

@article{Keat2006,
title="Scheduling framework for bandwidth-aware job grouping-based scheduling in grid computing",
journal="Malaysian Journal of Computer Science",
volume="19",
number="2",
pages="117-126",
year="2006",
issn="0127-9084",
author="Ng, Wai Keat, and Ang, T.F., and Ling, T.C., and Liew, C.S",
},

@article{Muthuvelu2013,
title = "Task granularity policies for deploying bag-of-task applications on global grids ",
journal = "Future Generation Computer Systems ",
volume = "29",
number = "1",
pages = "170 - 181",
year = "2013",
note = "<ce:title>Including Special section: AIRCC-NetCoM 2009 and Special section: Clouds and Service-Oriented Architectures</ce:title> ",
issn = "0167-739X",
doi = "10.1016/j.future.2012.03.022",
url = "http://www.sciencedirect.com/science/article/pii/S0167739X12000878",
author = "Nithiapidary Muthuvelu and Christian Vecchiola and Ian Chai and Eswaran Chikkannan and Rajkumar Buyya",
},



@inproceedings{Babu2012,
 author = {Babu, K. R. Remesh and Mathiyalagan, P. and Sivanandam, S. N.},
 title = {Task scheduling using ACO-BP neural network in computational grids},
 booktitle = {Proceedings of the International Conference on Advances in Computing, Communications and Informatics},
 series = {ICACCI '12},
 year = {2012},
 isbn = {978-1-4503-1196-0},
 location = {Chennai, India},
 pages = {428--432},
 numpages = {5},
 url = {http://doi.acm.org/10.1145/2345396.2345467},
 doi = {10.1145/2345396.2345467},
 acmid = {2345467},
 publisher = {ACM},
 address = {New York, NY, USA},
} ,

@inproceedings{Adamuthe2011,
 author = {Adamuthe, A. C. and Bichkar, R. S.},
 title = {Minimizing job completion time in grid scheduling with resource and timing constraints using genetic algorithm},
 booktitle = {Proceedings of the International Conference \&\#38; Workshop on Emerging Trends in Technology},
 series = {ICWET '11},
 year = {2011},
 isbn = {978-1-4503-0449-8},
 location = {Mumbai, Maharashtra, India},
 pages = {338--343},
 numpages = {6},
 url = {http://doi.acm.org/10.1145/1980022.1980097},
 doi = {10.1145/1980022.1980097},
 acmid = {1980097},
 publisher = {ACM},
 address = {New York, NY, USA},
} ,

@INPROCEEDINGS{Östberg2011, 
author={Östberg, P.-O. and Elmroth, E.}, 
booktitle={Grid Computing (GRID), 2011 12th IEEE/ACM International Conference on}, title={Mediation of Service Overhead in Service-Oriented Grid Architectures}, 
year={2011}, 
pages={9-18}, 
doi={10.1109/Grid.2011.11}, 
ISSN={1550-5510},},

@article{Ying2009,author = {Huang Ying and Guo Mingqiang and Luo Xiangang and Liu Yong},title = {A Webgis Load-Balancing Algorithm Based on Collaborative Task Clustering},journal ={Environmental Science and Information Application Technology, International Conference on},volume = {3},isbn = {978-0-7695-3682-8},year = {2009},pages = {736-739},doi = {http://doi.ieeecomputersociety.org/10.1109/ESIAT.2009.326},publisher = {IEEE Computer Society},address = {Los Alamitos, CA, USA},},

@INPROCEEDINGS{Meinl2008, 
author={Meinl, T.}, 
booktitle={E-Commerce Technology and the Fifth IEEE Conference on Enterprise Computing, E-Commerce and E-Services, 2008 10th IEEE Conference on}, title={Advance Reservation of Grid Resources via Real Options}, 
year={2008}, 
pages={3-10}, 
doi={10.1109/CECandEEE.2008.126},}

@article{Mcgough2005,
 author = {Mcgough, Andrew Stephen and Afzal, Ali and Darlington, John and Furmento, Nathalie and Mayer, Anthony and Young, Laurie},
 title = {Making the Grid Predictable through Reservations and Performance Modelling},
 journal = {Comput. J.},
 issue_date = {May 2005},
 volume = {48},
 number = {3},
 month = may,
 year = {2005},
 issn = {0010-4620},
 pages = {358--368},
 numpages = {11},
 url = {http://dx.doi.org/10.1093/comjnl/bxh091},
 doi = {10.1093/comjnl/bxh091},
 acmid = {1094999},
 publisher = {Oxford University Press},
 address = {Oxford, UK},
} 
[download]

@INPROCEEDINGS{Foster1999, 
author={Foster, I. and Kesselman, C. and Lee, C. and Lindell, B. and Nahrstedt, K. and Roy, A.}, 
booktitle={Quality of Service, 1999. IWQoS '99. 1999 Seventh International Workshop on}, title={A distributed resource management architecture that supports advance reservations and co-allocation}, 
year={1999}, 
pages={27-36}, 
doi={10.1109/IWQOS.1999.766475},}

@INPROCEEDINGS{Castillo2008, 
author={Castillo, C. and Rouskas, G.N. and Harfoush, K.}, 
booktitle={Parallel and Distributed Processing, 2008. IPDPS 2008. IEEE International Symposium on}, title={Efficient resource management using advance reservations for heterogeneous Grids}, 
year={2008}, 
pages={1-12}, 
doi={10.1109/IPDPS.2008.4536228}, 
ISSN={1530-2075},}

@INPROCEEDINGS{Villegas2012, 
author={Villegas, D. and Antoniou, A. and Sadjadi, S.M. and Iosup, A.}, 
booktitle={Cluster, Cloud and Grid Computing (CCGrid), 2012 12th IEEE/ACM International Symposium on}, title={An Analysis of Provisioning and Allocation Policies for Infrastructure-as-a-Service Clouds}, 
year={2012}, 
pages={612-619}, 
doi={10.1109/CCGrid.2012.46},}

@inproceedings{Yusuf2009,
 author = {Yusuf, Iman I. and Schmidt, Heinz W. and Peake, Ian D.},
 title = {Evaluating recovery aware components for grid reliability},
 booktitle = {Proceedings of the the 7th joint meeting of the European software engineering conference and the ACM SIGSOFT symposium on The foundations of software engineering},
 series = {ESEC/FSE '09},
 year = {2009},
 isbn = {978-1-60558-001-2},
 location = {Amsterdam, The Netherlands},
 pages = {277--280},
 numpages = {4},
 doi = {10.1145/1595696.1595741},
 acmid = {1595741},
 publisher = {ACM},
 address = {New York, NY, USA},
}, 


@inproceedings{daSilva2011,
 author = {da Silva, Jacques A. and Rebello, Vinod E. F.},
 title = {A hybrid fault tolerance scheme for EasyGrid MPI applications},
 booktitle = {Proceedings of the 9th International Workshop on Middleware for Grids, Clouds and e-Science},
 series = {MGC '11},
 year = {2011},
 isbn = {978-1-4503-1068-0},
 location = {Lisbon, Portugal},
 pages = {4:1--4:6},
 articleno = {4},
 numpages = {6},
 doi = {10.1145/2089002.2089006},
 acmid = {2089006},
 publisher = {ACM},
 address = {New York, NY, USA},
},

@INPROCEEDINGS{Egwutuoha2012, 
author={Egwutuoha, I.P. and Shiping Chen and Levy, D. and Selic, B.}, 
booktitle={Cluster, Cloud and Grid Computing (CCGrid), 2012 12th IEEE/ACM International Symposium on}, title={A Fault Tolerance Framework for High Performance Computing in Cloud}, 
year={2012}, 
pages={709-710}, 
doi={10.1109/CCGrid.2012.80},},

@INPROCEEDINGS{Silva2012, 
author={Ferreira da Silva, R. and Glatard, T. and Desprez, F.}, 
booktitle={Cluster, Cloud and Grid Computing (CCGrid), 2012 12th IEEE/ACM International Symposium on}, title={Self-Healing of Operational Workflow Incidents on Distributed Computing Infrastructures}, 
year={2012}, 
pages={318-325}, 
doi={10.1109/CCGrid.2012.24},},


@INPROCEEDINGS{Kumar2002, 
author={Kumar, S. and Das, S.K. and Biswas, R.}, 
booktitle={Parallel and Distributed Processing Symposium., Proceedings International, IPDPS 2002, Abstracts and CD-ROM}, 
title={Graph partitioning for parallel applications in heterogeneous Grid environments}, 
year={2002}, 
},

@INPROCEEDINGS{Ranganathan2001,
    author = {Kavitha Ranganathan and Ian Foster},
    title = {Identifying Dynamic Replication Strategies for a High-Performance Data Grid},
    booktitle = {In Proc. of the International Grid Computing Workshop},
    year = {2001},
    pages = {75--86}
},

@inproceedings{Shankar2007,
 author = {Shankar, Srinath and DeWitt, David J.},
 title = {Data driven workflow planning in cluster management systems},
 booktitle = {Proceedings of the 16th international symposium on High performance distributed computing},
 series = {HPDC '07},
 year = {2007},
 isbn = {978-1-59593-673-8},
 location = {Monterey, California, USA},
 pages = {127--136},
 numpages = {10},
 url = {http://doi.acm.org/10.1145/1272366.1272383},
 doi = {10.1145/1272366.1272383},
 acmid = {1272383},
 publisher = {ACM},
 address = {New York, NY, USA},
 keywords = {cluster management, condor, data management, planning, scheduling, scientific computing, workflow management},
},


@INPROCEEDINGS{Kosar2004, 
author={Kosar, T. and Livny, M.}, 
booktitle={Distributed Computing Systems, 2004. Proceedings. 24th International Conference on}, title={Stork: making data placement a first class citizen in the grid}, 
year={2004}, 
pages={342-349}, 
doi={10.1109/ICDCS.2004.1281599}, 
ISSN={1063-6927},
},

@inproceedings{Meyer2006,
 author = {Meyer, Luiz and Annis, James and Wilde, Mike and Mattoso, Marta and Foster, Ian},
 title = {Planning spatial workflows to optimize grid performance},
 booktitle = {Proceedings of the 2006 ACM symposium on Applied computing},
 series = {SAC '06},
 year = {2006},
 isbn = {1-59593-108-2},
 location = {Dijon, France},
 pages = {786--790},
 numpages = {5},
 doi = {10.1145/1141277.1141456},
 acmid = {1141456},
 publisher = {ACM},
 address = {New York, NY, USA},
 keywords = {file transfer, grid, performance, spatial workflow},
},

@INPROCEEDINGS{Khan2012, 
author={Khan, A. and Yan, X. and Shu Tao and Anerousis, N.}, 
booktitle={Network Operations and Management Symposium (NOMS), 2012 IEEE}, title={Workload characterization and prediction in the cloud: A multiple time series approach}, 
year={2012}, 
pages={1287-1294}, 
doi={10.1109/NOMS.2012.6212065}, 
ISSN={1542-1201},
},

@INPROCEEDINGS{Zhang2000,
    author = {Xiaodong Zhang and Yanxia Qu and Li Xiao},
    title = {Improving Distributed Workload Performance by Sharing Both CPU and Memory Resources},
    booktitle = {Proceedings of 20th International Conference on Distributed Computing Systems, (ICDCS'2000},
    year = {2000},
    pages = {233--241}
},

@INPROCEEDINGS{Zhenhua2011, 
author={Zhenhua Guo and Pierce, M. and Fox, G. and Mo Zhou}, 
booktitle={Cluster Computing (CLUSTER), 2011 IEEE International Conference on}, title={Automatic Task Re-organization in MapReduce}, 
year={2011}, 
pages={335-343}, 
doi={10.1109/CLUSTER.2011.44},}

@INPROCEEDINGS{Ranjan2008, 
author={Ranjan, R. and Rahman, M. and Buyya, R.}, 
booktitle={Cluster Computing and the Grid, 2008. CCGRID '08. 8th IEEE International Symposium on}, title={A Decentralized and Cooperative Workflow Scheduling Algorithm}, 
year={2008}, 
pages={1-8}, 
},

@article{Yang2007,
 author = {Yang, Juan and Bai, Yun and Qiu, Yuhui},
 title = {A decentralized resource allocation policy in minigrid},
 journal = {Future Gener. Comput. Syst.},
 issue_date = {March, 2007},
 volume = {23},
 number = {3},
 month = mar,
 year = {2007},
 issn = {0167-739X},
 pages = {359--366},
 numpages = {8},
 doi = {10.1016/j.future.2006.07.003},
 acmid = {1221891},
 publisher = {Elsevier Science Publishers B. V.},
 address = {Amsterdam, The Netherlands, The Netherlands},
},


@INPROCEEDINGS{Cao2008, 
author={Haijun Cao and Hai Jin and Xiaoxin Wu and Song Wu and Xuanhua Shi}, 
booktitle={Grid Computing, 2008 9th IEEE/ACM International Conference on}, title={DAGMap: Efficient scheduling for DAG grid workflow job}, 
year={2008}, 
pages={17-24}, 
doi={10.1109/GRID.2008.4662778},
},


@INPROCEEDINGS{Kwok2000, 
author={Yu-Kwong Kwok}, 
booktitle={Heterogeneous Computing Workshop, 2000. (HCW 2000) Proceedings. 9th}, title={Parallel program execution on a heterogeneous PC cluster using task duplication}, 
year={2000}, 
pages={364-374}, 
},

@INPROCEEDINGS{Luo2012, 
author={Yuan Luo and Plale, B.}, 
booktitle={Cluster, Cloud and Grid Computing (CCGrid), 2012 12th IEEE/ACM International Symposium on}, title={Hierarchical MapReduce Programming Model and Scheduling Algorithms}, 
year={2012}, 
pages={769-774}, 
doi={10.1109/CCGrid.2012.132},
},

@INPROCEEDINGS{Sadayappan2008,
year={2008},
isbn={978-3-540-89893-1},
booktitle={High Performance Computing - HiPC 2008},
volume={5374},
series={Lecture Notes in Computer Science},
editor={Sadayappan, Ponnuswamy and Parashar, Manish and Badrinath, Ramamurthy and Prasanna, ViktorK.},
doi={10.1007/978-3-540-89894-8_17},
title={Performance Analysis of Multiple Site Resource Provisioning: Effects of the Precision of Availability Information},
url={http://dx.doi.org/10.1007/978-3-540-89894-8_17},
publisher={Springer Berlin Heidelberg},
author={Assunção, MarcosDias and Buyya, Rajkumar},
pages={157-168}
},


@article{Elmroth2009,
 author = {Elmroth, Erik and Tordsson, Johan},
 title = {A standards-based Grid resource brokering service supporting advance reservations, coallocation, and cross-Grid interoperability},
 journal = {Concurr. Comput. : Pract. Exper.},
 issue_date = {December 2009},
 volume = {21},
 number = {18},
 month = dec,
 year = {2009},
 issn = {1532-0626},
 pages = {2298--2335},
 numpages = {38},
 url = {http://dx.doi.org/10.1002/cpe.v21:18},
 doi = {10.1002/cpe.v21:18},
 acmid = {1656509},
 publisher = {John Wiley and Sons Ltd.},
 address = {Chichester, UK},
},

@INPROCEEDINGS{Gehr2009, 
author={Gehr, J. and Schneider, J.}, 
booktitle={Cluster Computing and the Grid, 2009. CCGRID '09. 9th IEEE/ACM International Symposium on}, title={Measuring Fragmentation of Two-Dimensional Resources Applied to Advance Reservation Grid Scheduling}, 
year={2009}, 
pages={276-283}, 
},


@INPROCEEDINGS{Tomas2012, 
author={Tomas, L. and Caminero, B. and Carrión, C.}, 
booktitle={Cluster, Cloud and Grid Computing (CCGrid), 2012 12th IEEE/ACM International Symposium on}, title={Improving Grid Resource Usage: Metrics for Measuring Fragmentation}, 
year={2012}, 
pages={352-359}, 
},


@article{Li2011,
year={2011},
issn={0920-8542},
journal={The Journal of Supercomputing},
doi={10.1007/s11227-010-0549-1},
title={Enabling workflows in GridSolve: request sequencing and service trading},
url={http://dx.doi.org/10.1007/s11227-010-0549-1},
publisher={Springer US},
keywords={Grid computing; Workflow applications; Service trading},
author={Li, Yinan and YarKhan, Asim and Dongarra, Jack and Seymour, Keith and Hurault, Aurèlie},
pages={1-20},
},


@inproceedings{Caniou2011,
 author = {Caniou, Yves and Charrier, Ghislain and Desprez, Fr{\'e}d{\'e}ric},
 title = {Evaluation of reallocation heuristics for moldable tasks in computational grids},
 booktitle = {Proceedings of the Ninth Australasian Symposium on Parallel and Distributed Computing - Volume 118},
 series = {AusPDC '11},
 year = {2011},
 isbn = {978-1-920682-98-9},
 location = {Perth, Australia},
 pages = {15--24},
 numpages = {10},
 acmid = {2461249},
 publisher = {Australian Computer Society, Inc.},
 address = {Darlinghurst, Australia, Australia},
} ,

@INPROCEEDINGS{Aversano2002, 
author={Aversano, L. and Cimitile, A. and Gallucci, P. and Villani, M.L.}, 
booktitle={Computer Software and Applications Conference, 2002. COMPSAC 2002. Proceedings. 26th Annual International}, title={FlowManager: a workflow management system based on Petri nets}, 
year={2002}, 
pages={1054-1059}, 
},

@INPROCEEDINGS{Guan2004,
    author = {Zhijie Guan and Francisco Hern and Purushotham Bangalore and Jeff Gray and Anthony Skjellum and Vijay Velusamy and Yin Liu},
    title = {Grid-Flow: A Grid-Enabled Scientific Workflow System with a Petri Net-based Interface},
    institution = {Exper},
    year = {2004}
},


@INPROCEEDINGS{Vossberg2008, 
author={Vossberg, M. and Hoheisel, A. and Tolxdorff, T. and Krefting, D.}, 
booktitle={Cluster Computing and the Grid, 2008. CCGRID '08. 8th IEEE International Symposium on}, title={A Reliable DICOM Transfer Grid Service Based on Petri Net Workflows}, 
year={2008}, 
pages={441-448}, 
},


@Article{Aalst1998,
  author =       "W. M. P. van der Aalst",
  title =        "The application of Petri nets to workflow
                 management.",
  journal =      "Journal of Circuits, Systems and Computers",
  volume =       "8",
  number =       "1",
  pages =        "21--66",
  year =         "1998",
  },

@inproceedings{Calasanz2008,
 author = {Tolosana-Calasanz, Rafael and Rana, Omer F. and Ba\~{n}ares, Jos{\'e} A.},
 title = {Automating Performance Analysis from Taverna Workflows},
 booktitle = {Proceedings of the 11th International Symposium on Component-Based Software Engineering},
 series = {CBSE '08},
 year = {2008},
 isbn = {978-3-540-87890-2},
 location = {Karlsruhe, Germany},
 pages = {1--15},
 numpages = {15},
 doi = {10.1007/978-3-540-87891-9_1},
 acmid = {1478089},
 publisher = {Springer-Verlag},
 address = {Berlin, Heidelberg},
} ,

@INPROCEEDINGS{Rodríguez2012, 
author={Rodríguez, R.J. and Tolosana-Calasanz, R. and Rana, O.F.}, 
booktitle={Cluster, Cloud and Grid Computing (CCGrid), 2012 12th IEEE/ACM International Symposium on}, title={Automating Data-Throttling Analysis for Data-Intensive Workflows}, 
year={2012}, 
pages={310-317}, 
},

@INPROCEEDINGS{Chen2012, 
author={Weiwei Chen and Ewa Deelman}, 
booktitle={Services (SERVICES), 2012 IEEE Eighth World Congress on}, title={Fault Tolerant Clustering in Scientific Workflows}, 
year={2012}, 
pages={9-16}, 
},

@INPROCEEDINGS{Amer2012, 
author={Amer, M.A. and Chervenak, A. and Weiwei Chen}, 
booktitle={Policies for Distributed Systems and Networks (POLICY), 2012 IEEE International Symposium on}, title={Improving Scientific Workflow Performance Using Policy Based Data Placement}, 
year={2012}, 
pages={86-93}, 
}, 
doi={10.1109/POLICY.2012.8},},

@inproceedings{Liu2009,
	title={Grouping-based Fine-grained Job Scheduling in Grid Computing},
	author={Quan Liu and Yeqing Liao},
	year={2009},
	month=mar,
	booktitle={First International Workshop on Education Technology and Computer Science},
},

@inproceedings{Muthuvelu2005,
	title={A Dynamic Job Grouping-Based Scheduling for Deploying Applications with Fine-Grained Tasks on Global Grids},
	author={Nithiapidary Muthuvelu and Junyang Liu and Nay Lin Soe and Srikumar Venugopal and Anthony Sulistio and Rajkumar Buyya},
	year={2005},
	booktitle={Proceedings of the 2005 Australasian workshop on Grid computing and e-research},
},

@inproceedings{Integration2012,
	title={Integration of Workflow Partitioning and Resource Provisioning},
	author={Weiwei Chen and Ewa Deelman},
	year={2012},
	month=may
	booktitle={The 12th IEEE/ACM International Symposium on Cluster, Cloud and Grid Computing},
},

@article{Benoit2010,
  title={On the complexity of task graph scheduling with transient and fail-stop failures},
  author={Benoit, Anne and Canon, Louis-Claude and Jeannot, Emmanuel and Robert, Yves and others},
  year={2010}
},

@book{Oppenheimer2002,
  title={Why do internet services fail and what can be done about it?},
  author={Oppenheimer, David and Ganapathi, Archana and Patterson, David A},
  year={2002},
  publisher={Computer Science Division, University of California}
},

@inproceedings{McConnel,
  title={The measurement and analysis of transient errors in digital computer systems},
  author={McConnel, Stephen R and Siewiorek, Daniel P and Tsao, Michael M},
  booktitle={Proc. 9th Int. Symp. Fault-Tolerant Computing},
  pages={67-70},
  year={1979}
},

@inproceedings{Sonmez2010,
 author = {Sonmez, Ozan and Yigitbasi, Nezih and Abrishami, Saeid and Iosup, Alexandru and Epema, Dick},
 title = {Performance analysis of dynamic workflow scheduling in multicluster grids},
 booktitle = {Proceedings of the 19th ACM International Symposium on High Performance Distributed Computing},
 series = {HPDC '10},
 year = {2010},
 isbn = {978-1-60558-942-8},
 location = {Chicago, Illinois},
 pages = {49--60},
 numpages = {12},
 acmid = {1851483},
 publisher = {ACM},
 address = {New York, NY, USA},
} ,

@inproceedings{Sonmez2009,
  title={Trace-based evaluation of job runtime and queue wait time predictions in grids},
  author={Sonmez, Ozan and Yigitbasi, Nezih and Iosup, Alexandru and Epema, Dick},
  booktitle={Proceedings of the 18th ACM international symposium on High performance distributed computing},
  pages={111--120},
  year={2009},
  organization={ACM}
},

@inproceedings{Stratan2008,
  title={A performance study of grid workflow engines},
  author={Stratan, Corina and Iosup, Alexandru and Epema, Dick HJ},
  booktitle={Grid Computing, 2008 9th IEEE/ACM International Conference on},
  pages={25--32},
  year={2008},
  organization={IEEE}
},

@article{Zheng2011,
  title={Periodic hierarchical load balancing for large supercomputers},
  author={Zheng, Gengbin and Bhatele, Abhinav and Meneses, Esteban and Kal{\'e}, Laxmikant V},
  journal={International Journal of High Performance Computing Applications},
  volume={25},
  number={4},
  pages={371--385},
  year={2011},
  publisher={SAGE Publications}
},

@article{Callaghan2010,
  title={Scaling up workflow-based applications},
  author={Callaghan, Scott and Deelman, Ewa and Gunter, Dan and Juve, Gideon and Maechling, Philip and Brooks, Christopher and Vahi, Karan and Milner, Kevin and Graves, Robert and Field, Edward and others},
  journal={Journal of Computer and System Sciences},
  volume={76},
  number={6},
  pages={428--446},
  year={2010},
  publisher={Elsevier}
},

@inproceedings{Maheshwari2012,
 author = {Maheshwari, Ketan and Espinosa, Allan and Katz, Daniel S. and Wilde, Michael and Zhang, Zhao and Foster, Ian and Callaghan, Scott and Maechling, Phillip},
 title = {Job and data clustering for aggregate use of multiple production cyberinfrastructures},
 booktitle = {Proceedings of the fifth international workshop on Data-Intensive Distributed Computing Date},
 series = {DIDC '12},
 year = {2012},
 isbn = {978-1-4503-1341-4},
 location = {Delft, The Netherlands},
 pages = {3--12},
 numpages = {10},
 url = {http://doi.acm.org.libproxy.usc.edu/10.1145/2286996.2287000},
 doi = {10.1145/2286996.2287000},
 acmid = {2287000},
 publisher = {ACM},
 address = {New York, NY, USA},
 keywords = {hpc, implementation, parallel, scec, scripting, swift},
},

@article{Malawski2012,
  title={Cost-and Deadline-Constrained Provisioning for Scientific Workflow Ensembles in IaaS Clouds},
  author={Malawski, Maciej and Juve, Gideon and Deelman, Ewa and Nabrzyski, Jarek}
  journal={24th IEEE/ACM Conference on Supercomputing},
 year={2012},
},

@article{Abrishami2012,
  title={Deadline-constrained workflow scheduling algorithms for IaaS Clouds},
  author={Abrishami, Saeid and Naghibzadeh, Mahmoud and Epema, Dick},
  journal={Future Generation Computer Systems},
  year={2012},
  publisher={Elsevier}
},

@article{Yuan2010,
  title={A data placement strategy in scientific cloud workflows},
  author={Yuan, Dong and Yang, Yun and Liu, Xiao and Chen, Jinjun},
  journal={Future Generation Computer Systems},
  volume={26},
  number={8},
  pages={1200--1214},
  year={2010},
  publisher={Elsevier}
},

@inproceedings{Hefeeda2012,
  title={Distributed approximate spectral clustering for large-scale datasets},
  author={Hefeeda, Mohamed and Gao, Fei and Abd-Almageed, Wael},
  booktitle={Proceedings of the 21st international symposium on High-Performance Parallel and Distributed Computing},
  pages={223--234},
  year={2012},
  organization={ACM}
},

@inproceedings{Hedayat2009,
  title={Distributed Execution of Workflow Using Parallel Partitioning},
  author={Hedayat, Maryam Khademi and Cai, Wentong and Turner, Stephen John and Shahand, Shayan},
  booktitle={Parallel and Distributed Processing with Applications, 2009 IEEE International Symposium on},
  pages={106--112},
  year={2009},
  organization={IEEE}
},

@inproceedings{Zhang2009,
  title={Combined fault tolerance and scheduling techniques for workflow applications on computational grids},
  author={Zhang, Yang and Mandal, Anirban and Koelbel, Charles and Cooper, Keith},
  booktitle={Cluster Computing and the Grid, 2009. CCGRID'09. 9th IEEE/ACM International Symposium on},
  pages={244--251},
  year={2009},
  organization={IEEE}
},

@inproceedings{Jones2004,
  title={Bandwidth-aware co-allocating meta-schedulers for mini-grid architectures},
  author={Jones, William M and Pang, Louis W and Ligon, WB and Stanzione, D},
  booktitle={Cluster Computing, 2004 IEEE International Conference on},
  pages={45--54},
  year={2004},
  organization={IEEE}
},

@inproceedings{Sonmez2006,
  title={Communication-aware job placement policies for the KOALA grid scheduler},
  author={Sonmez, Ozan and Mohamed, Hashim and Epema, Dick},
  booktitle={e-Science and Grid Computing, 2006. e-Science'06. Second IEEE International Conference on},
  pages={79--79},
  year={2006},
  organization={IEEE}
},
@INPROCEEDINGS{Oprescu2010, 
author={Oprescu, A. and Kielmann, T.}, 
booktitle={Cloud Computing Technology and Science (CloudCom), 2010 IEEE Second International Conference on}, title={Bag-of-Tasks Scheduling under Budget Constraints},
year={30 2010-Dec. 3}, 
pages={351-359}, 
},

@article{Celaya2010,author = {Javier Celaya and Loris Marchal},title = {A Fair Decentralized Scheduler for Bag-of-Tasks Applications on Desktop Grids},journal ={Cluster Computing and the Grid, IEEE International Symposium on},volume = {0},isbn = {978-0-7695-4039-9},year = {2010},pages = {538-541},doi = {http://doi.ieeecomputersociety.org/10.1109/CCGRID.2010.13},publisher = {IEEE Computer Society},address = {Los Alamitos, CA, USA},},

@inproceedings{Lifflander2012,
	author={Jonathan Lifflander and Sriram Krishnamoorthy and Laxmikant V. Kale},
	title={Work Stealing and Persistence-based Load Balancers for Iterative Overdecomposed Applications},
	booktitle={Proceedings of the 21st international symposium on High-Performance Parallel and Distributed Computing}, 
	month=Jun,
	year={2012},
},

@inproceedings{Rynge2012,
	author={Rynge Mats and Gideon Juve and Karan Vahi and Scott Callaghan and Gaurang Mehta and Philip J. Maechling andEwa Deelman},
	title={Enabling Large-scale Scientific Workflows on Petascale Resources Using MPI Master/Worker},
	booktitle={Proceedings of the 1st conference of the Extreme Science and Engineering Discovery Environment}, 
	month=jul,
	year={2012},
},

@book{Hey2009,
	author={Tony Hey and Stewart Tansley and Kristin Tolle},
	title={The fourth paradigm: data-intensive scientific discovery},
	publisher={Microsoft Research},
	year={2009},
},

@inproceedings{Zhao2009,
	author={Han Zhao and Xiaolin Li},
	title={Efficient Grid Task-Bundle Allocation Using Bargaining Based Self-Adaptive Auction},
	booktitle={The 9th IEEE/ACM International Conference on Cluster, Cloud and Grid Computing},
	month=may,
	year={2009},
},

@INPROCEEDINGS{Zomaya2004, 
author={Zomaya, A.Y. and Chan, G.}, 
booktitle={Parallel and Distributed Processing Symposium, 2004. Proceedings. 18th International}, title={Efficient clustering for parallel tasks execution in distributed systems}, 
year={2004}, 
pages={167-}, 
doi={10.1109/IPDPS.2004.1303164},},

@inproceedings{Hussin2010,
	author={Masnida Hussin and
			Young Choon Lee and Albert Y Zomaya},
	title={Dynamic Job-Clustering with Different Computing Priorities for Computational Resource Allocation},
	booktitle={The 10th IEEE/ACM International Conference on Cluster, Cloud and Grid Computing},
	month=may,
	year={2010},
},

@inproceedings{Zhang2004,
	author={Yanyong Zhang and Mark S. Squillante},
	title={Performance Implications of Failures in Large-Scale Cluster Scheduling},
	booktitle={The 10th Workshop on Job Scheduling Strategies for Parallel Processing},
	month=jun,
	year={2004},
},

@inproceedings{Samak2011,
	author={Taghrid Samak and 
	Dan Gunter and 
	Monte Goode and
	Ewa Deelman and 
	Gaurang Mehta and
	Fabio Silva and
	 Karan Vahi}, 
	title={Failure Prediction and Localization in Large Scientific Workflows}, 
	booktitle={The 6th Workshop on Workflows in Suppporting of Large-Scale Science},
	month=nov,
	year={2011},
},

@inproceedings{Sahoo2004,
	author={Ramendra K. Sahoo and
	Anand Sivasubramaniam and
	Mark S. Squillante and
	Yanyong Zhang},
	title={Failure Data Analysis of a Large-Scale Heterogeneous Server Environment},
	booktitle={Proceedings of the International Conference on Dependable Systems and Networks},
	month=jul,
	year={2004},
},

@inproceedings{Tang1990,
	author={Dong Tang and 
	Ravishankar K. Iyer and
	 Sujatha S. Subramani},
	title={Failure Analysis and Modeling of a VAXcluster System},
	booktitle={Proceedings of the International Symposium on Fault-tolerant computing},
	year={1990},
},
@inproceedings{Schroeder2006,
	author={Bianca Schroeder and Garth A. Gibson},
	title={A large-scale study of failures in high-performance computing systems},
	booktitle={Proceedings of the International Conference on Dependable Systems and Networks},
	month=jun,
	year={2006},
},

@inproceedings{PageRank1999,
	author={Lawrence Page and 
			Sergey Brin and 
			Rajeev Motwani and
			Terry Winograd},
	title={The PageRank citation ranking: bringing order to the web},
	year={1999},
},

@misc{Matlab,
	author={Matlab Interactive distribution fitting},	title={Matlab Interactive Distribution Fitting},
	url={http://www.mathworks.com/help/toolbox/stats/dfittool.html}
	howpublished={\url{http://www.mathworks.com/help/toolbox/stats/dfittool.html}}
},

@inproceedings{Humphrey2008,
	author={Sang-Min Park and Humphrey, M},
	title={Data throttling for data-intensive workflows},
	booktitle={IEEE Intl. Symposium on Parallel and Distributed Processing},
	month=apr,
	year={2008},
},

@inproceedings{Overhead2011,
	author ={Weiwei Chen and Ewa Deelman},
	title={Workflow Overhead Analysis and Optimizations}, 
	booktitle={The 6th Workshop on Workflows in Support of Large-Scale Science},
	month=nov,
	year={2011},
},


@INPROCEEDINGS{Rubing2009, 
author={Rubing Duan and Nadeem, F. and Jie Wang and Yun Zhang and Prodan, R. and Fahringer, T.}, 
booktitle={Cluster Computing and the Grid, 2009. CCGRID '09. 9th IEEE/ACM International Symposium on}, title={A Hybrid Intelligent Method for Performance Modeling and Prediction of Workflow Activities in Grids}, 
year={2009}, 
pages={339-347}, 
},

@inproceedings{Rubing2005,
   	author={Rubing Duan and Radu Prodan and Thomas Fahringer},
	title={Run-time Optimisation of Grid Workflow Applications},
	booktitle={7th IEEE/ACM International Conference on Grid Computing},
	pages={33-40},
 	month=sep,
    	year={2006},
},

@inproceedings{Wieczorek2005,
   author={Marek Wieczorek and
	        Radu Prodan and 
		Thomas Fahringer},
	title={Scheduling of scientific workflows in the ASKALON grid environment},
	booktitle={ACM SIGMOD Record},
	pages={56-62},
	volume={34},
	number={3},
    	year={2005},
 	month=sep,
},

@book{ruiz2002distributed,
  title={Distributed Workflow Restructuring: An Experimental Study},
  author={Ruiz, D.D. and Liu, L. and Pu, C. and Georgia Institute of Technology. College of Computing},
  series={GIT-CC},
  year={2002},
  publisher={College of Computing, Georgia Institute of Technology},
},
@inproceedings{Kalayci2010,
author={S. Kalayci and G. Dasgupta and L. Fong and O. Ezenwoye and and S. Sadjadi},
title={Distributed and adaptive execution of condor dagman workflows},
booktitle={Proceedings of the 22nd International Conference on Software Engineering and Knowledge Engineering (SEKE'2010)},
year={2010},
month=jul,
},


@inproceedings{Chen1991,
   author={Ming-Jie Chen and
	         Chyan-Goei Chung},
	title={Restructuring Operations for Data-flow Diagrams},
	booktitle={Software Engineering Journal},
	pages={181-195},
    	year={1991},
 	month=jul,
},
@inproceedings{Liu1998,
   author={Ling Liu and
	         Calton Pu},
	title={Methodical Restructuring of Complex Workflow Activities},
	booktitle={Proceedings of the 14th International COnference on Data Engineering},
    	year={1998},
 	month=jan,
},
@inproceedings{Liu2010,
   author={Fang Liu and
	         Zhiyong Wang},
	title={DAG-Extended Deletion Algorithm in Graphical Abstract Grid Workflow Model for Remote Sensing Quantitative Retrieval},
	booktitle={2nd International Conference on Education Technology and Computer},
	pages={369},
	volume={5}
    	year={2010},
 	month=jul,
},

@inproceedings{Dong2007,
   author={Fangpeng Dong and
	         Selim G Akl},
	title={Two-Phase Computation and Data Scheduling Algorithms for Workflows in the Grid},
	booktitle={2007 International Conference on Parallel Processing},
	pages={66},
    	year={2007},
 	month=oct,
},
@inproceedings{Sun2006,
   author={Tong Sun and
	         John Walker},
	title={Hierarchical Dependence Graphs for Dynamic JDF Workflows},
	booktitle={2006 IEEE International Conference on Systems, Man, and Cybernetics},
	volume={4},
	pages={2747-2752},
    	year={2006},
 	month=oct,
},
@inproceedings{Prodan2008,
   author={Radu Prodan and
	         Thomas Fabringer},
	title={Overhead Analysis of Scientific Workflows in Grid Environments},
	booktitle={IEEE Transactions in Parallel and Distributed System},
	volume={19},
	number={3},
    	year={2008},
 	month=mar,
},

@INPROCEEDINGS{Prodan2007,
author={Prodan, R.},
booktitle={The Seventh IEEE International Symposium on Cluster Computing and the Grid} , 
title={Online Analysis and Runtime Steering of Dynamic Workflows in the ASKALON Grid Environment},
year={2007},
month=may,
pages={389 -400},
},

@inproceedings{WorkflowSim,
    author={Weiwei Chen and
	     Ewa Deelman},
    title={WorkflowSim: A Toolkit for Simulating Scientific Workflows in Distributed Environments},
    booktitle={The 8th IEEE International Conference on eScience},
    year={2012},
   month=oct,
},
@inproceedings{BPEL,
    author={T. Andrews and
               F. Curbera and
               H. Dholakian and
               Y. Goland and
               J. Kleini and
               F. Leymann and
	     K. Liu and
	     D. Roller and 
	     D. Smith and
	     S. Thatte and 
	      I. Trickovic and
	     S. Weerawarana},
    title={Business process execution language for web services version 1.1.},
},


@article{Braun2001,
    author={Tracy D. Braun and
               Howard Jay Siegel and
               Noah Beck and
               Ladislau B{\"o}l{\"o}ni and
               Muthucumaru Maheswaran and
               Albert I. Reuther and
               James P. Robertson and
               Mitchell D. Theys and
               Bin Yao and
               Debra A. Hensgen and
               Richard F. Freund},
    title={A Comparison of Eleven Static Heuristic for Mapping a Class of Independent Tasks onto Heterogeneous Distributed Computing Systems},
    journal={Journal of Parallel and Distributed Computing},
    volume={61},
    number={6},
    year={2001},
    pages={810--837},
},

@misc{Proteomics,
   title={{Proteomics}},
   url={http://www.ccic.ohio-state.edu/MS/proteomics.htm},
   howpublished={\url{http://www.ccic.ohio-state.edu/MS/proteomics.htm}},
}

@misc{2MASS,
    key = {Two Micron All Sky Survey},
    title = {{Two Micron All Sky Survey (2MASS)}},
    url = {http://pegasus.phast.umass.edu},
    howpublished = {\url{http://pegasus.phast.umass.edu}}
},

@article{Aalst2003,
    author = {W.M.P. van der Aalst and A.H.M. ter Hofstede and B. Kiepuszewski and A.P. Barros},
    title = {Workflow Patterns},
    journal = {Distributed and Parallel Databases},
    volume = {14},
    number = {1},
    year = {2003},
    pages = {5--51}
},

@misc{Abe,
    author = {{National Center for Supercomputing Applications (NCSA)}},
    title = {{Intel 64 Cluster Abe}},
    url = {http://www.ncsa.illinois.edu/UserInfo/Resources/Hardware/Intel64Cluster/},
    howpublished = {\url{http://www.ncsa.illinois.edu/UserInfo/Resources/Hardware/Intel64Cluster/}}
},

@article{Abramovici1992,
    author = {Abramovici, Alex and Althouse, William E. and Drever, Ronald W. P. and Gürsel, Yekta and Kawamura, Seiji and Raab, Frederick J. and Shoemaker, David and Sievers, Lisa and Spero, Robert E. and Thorne, Kip S. and Vogt, Rochus E. and Weiss, Rainer and Whitcomb, Stanley E. and Zucker, Michael E.},
    title = {{LIGO: The Laser Interferometer Gravitational-Wave Observatory}},
    journal = {Science},
    volume = {256},
    number = {5055},
    month = apr,
    year = {1992},
    pages = {325 --333}
},

@inproceedings{Abrishami2010,
    author = {Abrishami, Saeid and Naghibzadeh, Mahmoud and Epema, Dick},
    title = {Cost-driven Scheduling of Grid Workflows Using Partial Critical Paths},
    booktitle = {Proceedings of the 11th {IEEE/ACM} International Conference on Grid Computing},
    year = {2010}
}

@article{Adve2000,
    author = {Adve, {V.S.} and Bagrodia, R. and Browne, {J.C.} and Deelman, E. and Dube, A. and Houstis, {E.N.} and Rice, {J.R.} and Sakellariou, R. and {Sundaram-Stukel}, {D.J.} and Teller, {P.J.} and Vernon, {M.K.}},
    title = {{POEMS:} end-to-end performance design of large parallel adaptive computational systems},
    journal = {{IEEE} Transactions on Software Engineering},
    volume = {26},
    number = {11},
    year = {2000},
    pages = {1027--1048}
},

@article{Alef2010,
    author = {Alef, M and Gable, I},
    title = {{HEP} specific benchmarks of virtual machines on multi-core {CPU} architectures},
    journal = {Journal of Physics: Conference Series},
    volume = {219},
    number = {5},
    month = apr,
    year = {2010},
    pages = {052015}
},

@misc{AmazonAWS,
    author = {{Amazon.com, Inc.}},
    title = {{Amazon Web Services}},
    url = {http://aws.amazon.com},
    howpublished = {\url{http://aws.amazon.com}}
},


@misc{AmazonAutoScaling,
    author = {{Amazon.com, Inc.}},
    title = {{Auto Scaling}},
    url = {http://aws.amazon.com/autoscaling},
    howpublished = {\url{http://aws.amazon.com/autoscaling}}
},

@misc{AmazonEBS,
    author = {{Amazon.com, Inc.}},
    title = {{Elastic Block Store (EBS)}},
    url = {http://aws.amazon.com/ebs},
    howpublished = {\url{http://aws.amazon.com/ebs}}
},

@misc{AmazonEC2,
    author = {{Amazon.com, Inc.}},
    title = {{Elastic Compute Cloud (EC2)}},
    url = {http://aws.amazon.com/ec2},
    howpublished = {\url{http://aws.amazon.com/ec2}}
},

@misc{AmazonS3,
    author = {{Amazon.com, Inc.}},
    title = {{Simple Storage Service (S3)}},
    url = {http://aws.amazon.com/s3},
    howpublished = {\url{http://aws.amazon.com/s3}}
},

@misc{AppEngine,
    author = {{Google, Inc.}},
    title = {{AppEngine}},
    url = {http://appengine.google.com},
    howpublished = {\url{http://appengine.google.com}}
},

@techreport{Armbrust2009,
    author = {Armbrust, Michael and Fox, Armando and Griffith, Rean and Joseph, Anthony D and Katz, Randy and Konwinski, Andy and Lee, Gunho and Patterson, David and Rabkin, Ariel and Stoica, Ion and Zaharia, Matei},
    title = {Above the Clouds: A Berkeley View of Cloud Computing},
    number = {EECS-2009-28},
    institution = {EECS Department, University of California, Berkeley},
    year = {2009}
},

@article{Bagnasco2008,
    author = {Bagnasco, S. and Betev, L. and Buncic, P. and Carminati, F. and Cirstoiu, C. and Grigoras, C. and Hayrapetyan, A. and Harutyunyan, A. and Peters, A. J. and Saiz, P.},
    title = {{AliEn:} {ALICE} environment on the {GRID}},
    journal = {Journal of Physics: Conference Series},
    volume = {119},
    number = {6},
    month = jul,
    year = {2008},
    pages = {062012}
},

@inproceedings{Barham2003,
    author = {Barham, Paul and Dragovic, Boris and Fraser, Keir and Hand, Steven and Harris, Tim and Ho, Alex and Neugebauer, Rolf and Pratt, Ian and Warfield, Andrew},
    title = {Xen and the Art of Virtualization},
    booktitle = {{19th ACM Symposium on Operating Systems Principles (SOSP 03)}},
    year = {2003}
},

@inproceedings{Berriman2004,
    author = {Berriman, G. B. and Deelman, Ewa and Good, John C. and Jacob, Joseph C. and Katz, Daniel S. and Kesselman, Carl and Laity, Anastasia C. and Prince, Thomas A. and Singh, Gurmeet and Su, {Mei-Hu}},
    title = {Montage: a grid-enabled engine for delivering custom science-grade mosaics on demand},
    booktitle = {{SPIE Conference on Astronomical Telescopes and Instrumentation}},
    month = jun,
    year = {2004}
},

@inproceedings{Berriman2010,
    author = {G. Bruce Berriman and Gideon Juve and Ewa Deelman and Moira Regelson and Peter Plavchan},
    title = {The Application of Cloud Computing to Astronomy: A Study of Cost and Performance}, 
    booktitle = {Workshop on e-Science challenges in Astronomy and Astrophysics},
    year = {2010}
},

@article{Berry1992,
    author = {Berry, Michael W.},
    title = {Scientific workload characterization by loop-based analyses},
    journal = {{SIGMETRICS} Performance Evaluation Review},
    volume = {19},
    number = {3},
    year = {1992},
    pages = {17--29}
},

@inproceedings{Bharathi2008,
    author = {Bharathi, S. and Chervenak, A. and Deelman, E. and Mehta, G. and Su, {Mei-Hui} and Vahi, K.},
    title = {Characterization of Scientific Workflows},
    booktitle = {3rd Workshop on Workflows in Support of Large Scale Science {(WORKS} 08)},
    year = {2008}
},

@inproceedings{Blythe2005,
    author = {Blythe, J. and Jain, S. and Deelman, E. and Gil, Y. and Vahi, K. and Mandal, A. and Kennedy, K.},
    title = {Task scheduling strategies for workflow-based applications in grids},
    booktitle = {{5th IEEE International Symposium on Cluster Computing and the Grid (CCGrid '05)}},
    year = {2005}
},

@inproceedings{Brehm1995,
    author = {Brehm, Jürgen and Madhukar, Manish and Smirni, Evgenia and Dowdy, Larry},
    title = {{PerPreT} - A Performance Prediction Tool for Massively Parallel Systems},
    booktitle = {Proceedings of the Joint Conference on Performance Tools / {MMB}},
    year = {1995}
},

@book{Breiman1984,
    author = {Breiman, Leo and Friedman, Jerome and Stone, Charles J. and Olshen, {R.A.}},
    title = {Classification and Regression Trees},
    publisher = {Chapman and {Hall/CRC}},
    year = {1984}
},

@inproceedings{Bresnahan2011,
    author = {Bresnahan, J. and Freeman, T. and {LaBissoniere}, D. and Keahey, K.},
    title = {Managing Appliance Launches in Infrastructure Clouds},
    booktitle = {Teragrid Conference},
    month = jul,
    year = {2011}
},

@inproceedings{Breuer2004,
    author = {Breuer, Dirk and Erwin, Dietmar and Mallmann, Daniel and Menday, Roger and Romberg, Mathilde and Sander, Volker and Schuller, Bernd and Wieder, Philipp},
    title = {Scientific Computing with {UNICORE}},
    booktitle = {Proceedings of the {NIC} Symposium},
    year = {2004}
},

@inproceedings{Brim2001,
    author = {Brim, Michael J. and Mattson, Timothy G. and Scott, Stephen L.},
    title = {{OSCAR:} Open Source Cluster Application Resources},
    booktitle = {Proceedings of the Ottowa Linux Symposium},
    year = {2001}
},

@incollection{Brown2007,
    author = {Brown, Duncan A. and Brady, Patrick R. and Dietz, Alexander and Cao, Junwei and Johnson, Ben and {McNabb}, John},
    title = {A Case Study on the Use of Workflow Technologies for Scientific Analysis: Gravitational Wave Data Analysis},
    booktitle = {Workflows for {e-Science}},
    publisher = {{Springer-Verlag}},
    year = {2007},
    pages = {39--59}
},

@article{Burgess1995,
    author = {Burgess, Mark},
    title = {A site configuration engine},
    journal = {{USENIX} Computing Systems},
    volume = {8},
    number = {3},
    year = {1995},
    pages = {309--337}
},

@article{Burgess1997,
    author = {Burgess, Mark and Ralston, Ricky},
    title = {Distributed resource administration using cfengine},
    journal = {Software: Practice and Experience},
    volume = {27},
    number = {9},
    month = sep,
    year = {1997},
    pages = {1083--1101}
},

@inproceedings{Byun2008,
    author = {Byun, {Eun-Kyu} and Kee, {Yang-Suk} and Deelman, E. and Vahi, K. and Mehta, G. and {Jin-Soo} Kim},
    title = {Estimating Resource Needs for {Time-Constrained} Workflows},
    booktitle = {{Proceedings of the 4th IEEE International Conference on e-Science (e-Science '08)}},
    year = {2008}
},

@article{Calheiros2011,
    author = {Calheiros, Rodrigo N. and Ranjan, Rajiv and Beloglazov, Anton and De Rose, César A. F. and Buyya, Rajkumar},
    title = {{CloudSim:} a toolkit for modeling and simulation of cloud computing environments and evaluation of resource provisioning algorithms},
    journal = {Software: Practice and Experience},
    volume = {41},
    number = {1},
    month = jan,
    year = {2011},
    pages = {23--50}
},

@inproceedings{Callaghan2008,
    author = {Callaghan, Scott and Maechling, Phil and Deelman, Ewa and Vahi, Karan and Mehta, Gaurang and Juve, Gideon and Milner, Kevin and Graves, Robert and Field, Edward and Okaya, David and Jordan, Thomas},
    title = {{Reducing Time-to-Solution Using Distributed High-Throughput Mega-Workflows: Experiences from SCEC CyberShake}},
    booktitle = {{Proceedings of the 4th IEEE International Conference on e-Science (e-Science '08)}},
    year = {2008}
},

@article{Callaghan2011,
    author = {Callaghan, Scott and Maechling, Philip and Small, Patrick and Milner, Kevin and Juve, Gideon and Jordan, Thomas and Deelman, Ewa and Mehta, Gaurang and Vahi, Karan and Gunter, Dan and Beattie, Keith and Brooks, Christopher X.},
    title = {Metrics for heterogeneous scientific workflows: A case study of an earthquake science application},
    journal = {International Journal of High Performance Computing Applications},
    volume = {25},
    number = {3},
    year = {2011},
    pages = {274--285}
},

@phdthesis{Capano2011,
    author = {Capano, C. D.},
    title = {{Searching for Gravitational Waves from Compact Binary Coalescence Using LIGO and Virgo Data}},
    school = {{Syracuse University}},
    year = {2011}
},

@inproceedings{Carns2000,
    author = {Carns, Philip and Ligon, Walter and Ross, Robert and Thakur, Rajeev},
    title = {{PVFS: A Parallel File System for Linux Clusters}},
    booktitle = {4th Annual Linux Showcase and Conference},
    year = {2000}
},

@article{Casajus2010,
    author = {Casajus, Adrian and Graciani, Ricardo and Paterson, Stuart and Tsaregorodtsev, Andrei and {The LHCb Dirac Team}},
    title = {{DIRAC Pilot Framework and the DIRAC Workload Management System}},
    volume = {219},
    number = {6},
    journal = {Journal of Physics: Conference Series},
    month = apr,
    year = {2010}
},

@inproceedings{Casanova2000,
    author = {Casanova, H. and Legrand, A. and Zagorodnov, D. and Berman, F.},
    title = {Heuristics for scheduling parameter sweep applications in grid environments},
    booktitle = {9th Heterogeneous Computing Workshop},
    year = {2000}
},

@misc{CCB,
    key = {Condor Connection Brokering},
    title = {Condor Connection Brokering {(CCB)}},
    url = {http://www.cs.wisc.edu/condor/manual/v7.3/3_7Networking_includes.html#SECTION00473000000000000000},
    howpublished = {\url{http://www.cs.wisc.edu/condor/manual/v7.3/3\_7Networking\_includes.html\#SECTION00473000000000000000}}
},

@misc{Chef,
    author = {{Opscode, Inc.}},
    title = {Chef},
    url = {http://www.opscode.com/chef},
    howpublished = {\url{http://www.opscode.com/chef}}
},

@inproceedings{Chervenak2004,
    author = {Chervenak, {A.L.} and Naveen Palavalli and Shishir Bharathi and Kesselman, C. and Schwartzkopf, R.},
    title = {Performance and Scalability of a Replica Location Service},
    booktitle = {13th {IEEE} International Symposium on {High-Performance} Distributed Computing {(HPDC} '04)},
    year = {2004}
},

@article{Chervenak2005,
    author = {Chervenak, Ann and Schuler, Robert and Ripeanu, Matei and Amer, Muhammad Ali and Bharathi, Shishir and Foster, Ian and Iamnitchi, Adriana and Kesselman, Carl},
    title = {The Globus Replica Location Service: Design and Experience},
    volume = {20},
    number = {9},
    journal = {{IEEE} Transactions on Parallel and Distributed Systems},
    year = {2005},
    pages = {1260--1272}
},

@misc{condor_glidein,
    key = {condor\_glidein},
    title = {condor\_glidein},
    url = {http://www.cs.wisc.edu/condor/glidein},
    howpublished = {\url{http://www.cs.wisc.edu/condor/glidein}}
},

@inproceedings{Cruz2008,
    author = {Sergio Manuel Serra da Cruz and Fabricio Nogueira da Silva and Maria Claudia Reis Cavalcanti and Marta Mattoso and Luiz M. R. Gadelha},
    title = {A Lightweight Middleware Monitor for Distributed Scientific Workflows},
    booktitle = {{IEEE} International Symposium on Cluster Computing and the Grid},
    year = {2008}
},

@misc{CSEP,
    key = {CSEP},
    title = {{Collaboratory for the Study of Earthquake Predictability (CSEP)}},
    url = {http://www.cseptesting.org/},
    howpublished = {\url{http://www.cseptesting.org/}}
},

@misc{DAGMan,
    key = {{DAGMan}},
    title = {{DAGMan: Directed Acyclic Graph Manager}},
    url = {http://cs.wisc.edu/condor/dagman},
    howpublished = {\url{http://cs.wisc.edu/condor/dagman}}
}

@inproceedings{Deelman2002,
    author = {Deelman, E. and Kesselman, C. and Mehta, G. and Meshkat, L. and Pearlman, L. and Blackburn, K. and Ehrens, P. and Lazzarini, A. and Williams, R. and Koranda, S.},
    title = {{GriPhyN} and {LIGO}: building a virtual data Grid for gravitational wave scientists},
    booktitle = {11th {IEEE} International Symposium on High Performance Distributed Computing ({HPDC} '02)},
    year = {2002}
},

@inproceedings{Deelman2004,
    author = {Deelman, Ewa and Blythe, James and Gil, Yolanda and Kesselman, Carl and Mehta, Gaurang and Patil, Sonal and Su, {Mei-Hui} and Vahi, Karan and Livny, Miron},
    title = {Pegasus: Mapping scientific workflows onto the grid},
    booktitle = {Across Grid Conference},
    year = {2004}
},

@article{Deelman2005,
    author = {Deelman, Ewa and Singh, Gurmeet and Su, {Mei-Hui} and Blythe, James and Gil, Yolanda and Kesselman, Carl and Mehta, Gaurang and Vahi, Karan and Berriman, G. Bruce and Good, John and Laity, Anastasia and Jacob, Joseph C. and Katz, Daniel S.},
    title = {Pegasus: A framework for mapping complex scientific workflows onto distributed systems},
    journal = {Scientific Programming},
    volume = {13},
    number = {3},
    year = {2005},
    pages = {219--237}
},

@inproceedings{Deelman2006,
    author = {Deelman, Ewa and Callaghan, Scott and Field, Edward and Francoeur, Hunter and Graves, Robert and Gupta, Nitin and Gupta, Vipin and Jordan, Thomas H. and Kesselman, Carl and Maechling, Philip and Mehringer, John and Mehta, Gaurang and Okaya, David and Vahi, Karan and Zhao, Li},
    title = {Managing {Large-Scale} Workflow Execution from Resource Provisioning to Provenance Tracking: The {CyberShake} Example},
    booktitle = {Proceedings of the 2nd {IEEE} International Conference on {e-Science} and Grid Computing ({e-Science} 06)},
    month = dec,
    year = {2006}
},

@incollection{Deelman2007,
    author = {Deelman, Ewa and Mehta, Gaurang and Singh, Gurmeet and Su, M. H. and Vahi, Karan},
    title = {{Pegasus: Mapping Large-Scale Workflows to Distributed Resources}},
    booktitle = {{Workflows for e-Science}},
    editor = {Taylor, I. and Deelman, E. and Gannon, D. and Shields, M.},
    publisher = {Springer},
    year = {2007},
    pages = {376--394}
},

@inproceedings{Deelman2008,
    author = {Deelman, Ewa and Singh, Gurmeet and Livny, Miron and Berriman, Bruce and Good, John},
    title = {The Cost of Doing Science on the Cloud: The Montage Example},
    booktitle = {{Proceedings of the 2008 ACM/IEEE Conference on Supercomputing}},
    year = {2008}
},

@article{Deelman2009,
    author = {Deelman, Ewa and Gannon, Dennis and Shields, Matthew and Taylor, Ian},
    title = {Workflows and {e-Science:} An overview of workflow system features and capabilities},
    journal = {Future Generation Computer Systems},
    volume = {25},
    number = {5},
    month = may,
    year = {2009},
    pages = {528--540}
},

@article{Deelman2010,
    author = {Deelman, Ewa},
    title = {Grids and Clouds: Making Workflow Applications Work in Heterogeneous Distributed Environments},
    journal = {International Journal of High Performance Computing Applications},
    volume = {24},
    number = {3},
    month = aug,
    year = {2010},
    pages = {284--298}
},

@inproceedings{DeRoure2007,
    author = {David {De Roure} and Goble, Carole A. and Stevens, Robert},
    title = {Designing the {myExperiment} Virtual Research Environment for the Social Sharing of Workflows},
    booktitle = {{Proceedings of the {IEEE} International Conference on e-Science and Grid Computing (e-Science '07)}},
    year = {2007}
},

@article{Diao2005,
    author = {Yixin Diao and Hellerstein, {J.L.} and Parekh, S. and Griffith, R. and Kaiser, {G.E.} and Phung, D.},
    title = {A control theory foundation for self-managing computing systems},
    journal = {{IEEE} Journal on Selected Areas in Communications},
    volume = {23},
    number = {12},
    year = {2005},
    pages = {2213--2222}
},

@inproceedings{Dongarra2007,
    author = {Dongarra, Jack J. and Jeannot, Emmanuel and Saule, Erik and Shi, Zhiao},
    title = {{Bi-objective Scheduling Algorithms for Optimizing Makespan and Reliability on Heterogeneous Systems}},
    booktitle = {{Proceedings of the 19th Annual ACM Symposium on Parallel Algorithms and Architectures (SPAA '07)}},
    year = {2007}
},

@inproceedings{Downey1997,
    author = {Downey, {A.B.}},
    title = {Predicting queue times on space-sharing parallel computers},
    booktitle = {Proceedings of the 11th International Parallel Processing Symposium},
    year = {1997}
},

@inproceedings{Dun2010,
    author = {Dun, Nan and Taura, Kenjiro and Yonezawa, Akinori},
    title = {{ParaTrac:} A fine-grained profiler for data-intensive workflows},
    booktitle = {{Proceedings of the 19th ACM International Symposium on High Performance Distributed Computing (HPDC 2010)}},
    year = {2010}
},

@article{Durkee2010,
    author = {Durkee, Dave},
    title = {Why cloud computing will never be free},
    journal = {Communications of the ACM},
    volume = {53},
    number = {5},
    month = may,
    year = {2010},
    pages = {62--69}
},

@article{Ellert2007,
    author = {Ellert, M. and Gr{\o}nager, M. and Konstantinov, A. and K\'onya, B. and Lindemann, J. and Livenson, I. and Nielsen, {J.L.} and Niinim\"aki, M. and Smirnova, O. and W\"a\"an\"anen, A.},
    title = {Advanced Resource Connector middleware for lightweight computational Grids},
    journal = {Future Generation Computer Systems},
    volume = {23},
    number = {2},
    month = feb,
    year = {2007},
    pages = {219--240}
},

@misc{Epigenome,
    key = {{USC Epigenome Center}},
    title = {{USC Epigenome Center}},
    url = {http://epigenome.usc.edu},
    howpublished = {\url{http://epigenome.usc.edu}}
},

@inproceedings{Evangelinos2008,
    author = {Evangelinos, Constantinos and Hill, Chris N.},
    title = {Cloud Computing for Parallel Scientific {HPC} Applications: Feasibility of Running Coupled {Atmosphere-Ocean} Climate Models on Amazon's {EC2}},
    booktitle = {Cloud Computing and Its Applications {(CCA} 2008)},
    year = {2008}
},

@inproceedings{Faerman1999,
    author = {Faerman, M. and Su, A. and Wolski, R. and Berman, F.},
    title = {Adaptive Performance Prediction for Distributed {Data-Intensive} Applications},
    booktitle = {{IEEE/ACM} Conference on Supercomputing},
    year = {1999}
},

@article{Fahringer2005,
    author = {Fahringer, Thomas and Jugravu, Alexandru and Pllana, Sabri and Prodan, Radu and Seragiotto, Clovis and Truong, {Hong-Linh}},
    title = {{ASKALON:} a tool set for cluster and Grid computing},
    journal = {Concurrency and Computation: Practice \& Experience},
    volume = {17},
    number = {2-4},
    year = {2005},
    pages = {143--169}
},

@phdthesis{Fielding2000,
    author = {Fielding, Roy},
    title = {Architectural styles and the design of network-based software architectures},
    school = {University of California, Irvine},
    year = {2000}
},

@article{Foster1997,
    author = {Foster, Ian and Kesselman, Carl},
    title = {Globus: A Metacomputing Infrastructure Toolkit},
    journal = {International Journal of Supercomputer Applications},
    volume = {11},
    number = {2},
    year = {1997},
    pages = {115--128}
},

@article{Foster2001,
    author = {Foster, Ian and Kesselman, Carl and Tuecke, Steven},
    journal = {International Journal of High Performance Computing Applications},
    title = {The Anatomy of the Grid: Enabling Scalable Virtual Organizations},
    volume = {15},
    number = {3},
    year = {2001},
    pages = {200--222}
},

@book{Foster2004,
    author = {Foster, Ian and Kesselman, Carl},
    title = {The Grid: Blueprint for a New Computing Infrastructure},
    publisher = {Morgan Kaufmann},
    year = {2004}
},

@inproceedings{Foster2006,
    author = {Foster, Ian and Freeman, Tim and Keahey, Kate and Scheftner, D. and Sotomayer, Borja and Zhang, X.},
    title = {Virtual Clusters for Grid Communities},
    booktitle = {Sixth {IEEE} International Symposium on Cluster Computing and the Grid {(CCGRID '06)}},
    year = {2006},
    pages = {513--520}
},

@article{Fox2006,
    author = {Fox, Geoffrey C. and Gannon, Dennis},
    title = {Workflow in Grid Systems},
    journal = {Concurrency and Computation: Practice and Experience},
    volume = {18},
    number = {10},
    year = {2006},
    pages = {1009--1019}
},

@article{Frey2002,
    author = {Frey, James and Tannenbaum, Todd and Livny, Miron and Foster, Ian and Tuecke, Steven},
    title = {{Condor-G:} A Computation Management Agent for {Multi-Institutional} Grids},
    journal = {Cluster Computing},
    volume = {5},
    number = {3},
    year = {2002},
    pages = {237--246}
}

@misc{FutureGrid,
    key = {{FutureGrid}},
    title = {{FutureGrid}},
    url = {http://futuregrid.org/},
    howpublished = {\url{http://futuregrid.org/}}
},

@misc{GCB,
    key = {Generic Connection Brokering},
    title = {Generic Connection Brokering {(GCB)}},
    url = {http://cs.wisc.edu/condor/gcb},
    howpublished = {\url{http://cs.wisc.edu/condor/gcb}}
},

@inproceedings{Gentzsch2001,
    author = {Gentzsch, Wolfgang},
    title = {Sun Grid Engine: towards creating a compute power grid},
    booktitle = {1st {IEEE/ACM} International Symposium on Cluster Computing and the Grid {(CCGrid} '01)},
    year = {2001}
},

@incollection{Gibbons1997,
    author = {Gibbons, Richard},
    title = {A historical application profiler for use by parallel schedulers},
    booktitle = {Job Scheduling Strategies for Parallel Processing},
    series = {Lecture Notes in Computer Science},
    volume = {1291},
    year = {1997}
},

@inproceedings{Gilbert2005,
    author = {Gilbert, Laura and Tseng, Jeff and Newman, Rhys and Iqbal, Saeed and Pepper, Ronald and Celebioglu, Onur and Hsieh, Jenwei and Cobban, Mark},
    title = {Performance Implications of Virtualization and {Hyper-Threading} on High Energy Physics Applications in a Grid Environment},
    booktitle = {19th IEEE International Parallel and Distributed Processing Symposium},
    year = {2005}
},

@misc{gLite,
    key = {gLite},
    title = {{gLite Grid Middleware}},
    howpublished = {\url{http://glite.web.cern.ch}}
},

@misc{GlusterFS,
    author = {{Gluster, Inc.}},
    title = {{GlusterFS}},
    url = {http://www.gluster.org},
    howpublished = {\url{http://www.gluster.org}}
},

@incollection{Goldenberg2003,
    author = {Goldenberg, Mark and Lu, Paul and Schaeffer, Jonathan},
    title = {{TrellisDAG: A System for Structured DAG Scheduling}},
    booktitle = {Job Scheduling Strategies for Parallel Processing},
    series = {Lecture Notes in Computer Science},
    volume = {2862},
    year = {2003},
    pages = {21--43}
},

@article{Graves2008,
    author = {Graves, Robert W. and Aagaard, Brad T. and Hudnut, Kenneth W. and Star, Lisa M. and Stewart, Jonathan P. and Jordan, Thomas H.},
    title = {Broadband simulations for Mw 7.8 southern San Andreas earthquakes: Ground motion sensitivity to rupture speed},
    volume = {35},
    number = {22},
    journal = {Geophysical Research Letters},
    year = {2008}
},

@article{Graves2010, 
    title = {{CyberShake: A Physics-Based Seismic Hazard Model for Southern California}}, 
    author = {Robert Graves and Thomas Jordan and Scott Callaghan and Ewa Deelman and Edward Field and Gideon Juve and Carl Kesselman and Philip Maechling and Gaurang Mehta and Kevin Milner and David Okaya and Patrick Small and Karan Vahi},
    journal = {Pure and Applied Geophysics}, 
    volume = {168}, 
    number = {3-4},
    month = may,
    year = {2010},
    pages = {367--381}
},

@misc{Grid5000,
    key = {{Grid5000}},
    title = {{Grid5000}},
    url = {http://www.grid5000.fr},
    howpublished = {\url{http://www.grid5000.fr}}
},

@misc{GridWorkloadsArchive,
    key = {{Grid Workloads Archive}},
    title = {{Grid Workloads Archive}},
    url = {http://gwa.ewi.tudelft.nl/pmwiki},
    howpublished = {\url{http://gwa.ewi.tudelft.nl/pmwiki}}
},

@inproceedings{Groth2009,
    author = {Groth, Paul and Deelman, Ewa and Juve, Gideon and Mehta, Gaurang and Berriman, Bruce},
    title = {Pipeline-centric provenance model},
    booktitle = {Proceedings of the 4th Workshop on Workflows in Support of {Large-Scale} Science},
    year = {2009}
},

@inproceedings{Hazelhurst2008,
    author = {Hazelhurst, Scott},
    title = {Scientific computing using virtual high-performance computing: a case study using the Amazon elastic computing cloud},
    booktitle = {2008 annual research conference of the South African Institute of Computer Scientists and Information Technologists on IT research in developing countries: riding the wave of technology ({SAICSIT} '08)},
    year = {2008}
},

@misc{Heroku,
    key = {Heroku},
    title = {{Heroku Cloud Application Platform}},
    url = {http://www.heroku.com/},
    howpublished = {\url{http://www.heroku.com/}}
},

@book{Hey2009,
    author = {Hey, Tony and Tansley, Stewart and Tolle, Kristin},
    title = {The Fourth Paradigm: {Data-Intensive} Scientific Discovery},
    publisher = {Microsoft Research},
    year = {2009}
},

@inproceedings{Hoffa2008,
    author = {Hoffa, Christina and Mehta, Gaurang and Freeman, Timothy and Deelman, Ewa and Keahey, Kate and Berriman, Bruce and Good, John},
    title = {On the Use of Cloud Computing for Scientific Workflows},
    booktitle = {3rd International Workshop on Scientific Workflows and Business Workflow Standards in {e-Science} {(SWBES} '08)},
    year = {2008}
},

@misc{HPCC,
    key = {HPCC},
    title = {{USC High Performance Computing Center (HPCC)}},
    howpublished = {\url{http://www.usc.edu/hpcc}}
},

@inproceedings{Huang2007,
    author = {Huang, Richard and Chien, Andrew and Casanova, Henri},
    title = {Automatic Resource Specification Generation for Resource Selection},
    booktitle = {Proceedings of the 2007 {ACM/IEEE} conference on Supercomputing},
    year = {2007}
},

@misc{Illumina,
    key = {Illumina},
    title = {Illumina},
    url = {http://www.illumina.com},
    howpublished = {\url{http://www.illumina.com}}
},

@inproceedings{Iosup2006,
    author = {Iosup, Alexandru and Dumitrescu, Catalin and Epema, Dick and Li, Hui and Wolters, Lex},
    title = {{How are Real Grids Used? The Analysis of Four Grid Traces and Its Implications}},
    booktitle = {7th {IEEE/ACM} International Conference on Grid Computing},
    year = {2006}
},

@misc{IPAC,
    key = {Infrared Processing and Analysis Center},
    title = {Infrared Processing and Analysis Center (IPAC)},
    url = {http://ipac.caltech.edu},
    howpublished = {\url{http://ipac.caltech.edu}}
},

@misc{XSEDE,
   key={The Extreme Science and Engineering Discovery Environment },
   title={The Extreme Science and Engineering Discovery Environment },
   url={https://www.xsede.org},
   howpublished={\url{https://www.xsede.org}}
},
@inproceedings{Jackson2010a,
    author = {Jackson, Keith R and Ramakrishnan, Lavanya and Muriki, Krishna and Canon, Shane and Cholia, Shreyas and Shalf, John and Wasserman, Harvey J. and Wright, Nicholas J.},
    title = {Performance Analysis of High Performance Computing Applications on the Amazon Web Services Cloud},
    booktitle = {Proceedings of Cloudcomp 2010},
    year = {2010}
},

@inproceedings{Jackson2010b,
    author = {Jackson, Keith R and Ramakrishnan, Lavanya and Runge, Karl J and Thomas, Rollin C},
    title = {Seeking supernovae in the clouds: a performance study},
    booktitle = {Proceedings of the 19th {ACM} International Symposium on High Performance Distributed Computing},
    year = {2010}
},

@inproceedings{Juve2008,
    author = {Juve, G. and Deelman, E.},
    title = {Resource Provisioning Options for {Large-Scale} Scientific Workflows},
    booktitle = {4th {IEEE} International Conference on {eScience} {(eScience} '08)},
    month = dec,
    year = {2008}
},

@inproceedings{Juve2009,
    author = {Juve, G. and Deelman, E. and Vahi, K. and Mehta, G. and Berriman, B. and Berman, B. P and Maechling, P.},
    title = {Scientific workflow applications on Amazon {EC2}},
    booktitle = {2009 5th {IEEE} International Conference on {E-Science} Workshops},
    month = dec,
    year = {2009}
},

@article{Juve2010a,
    author = {Juve, Gideon and Deelman, Ewa and Vahi, Karan and Mehta, Gaurang},
    title = {Experiences with Resource Provisioning for Scientific Workflows using Corral},
    journal = {Scientific Programming},
    volume = {18},
    number = {2},
    month = apr,
    year = {2010}
},

@inproceedings{Juve2010b,
    author = {Juve, Gideon and Deelman, Ewa and Vahi, Karan and Mehta, Gaurang and Berman, Benjamin P. and Berriman, Bruce and Maechling, Phil},
    title = {Data Sharing Options for Scientific Workflows on Amazon {EC2}},
    booktitle = {2010 {ACM/IEEE} conference on Supercomputing {(SC} 10)},
    year = {2010}
},

@incollection{Juve2010c,
    title = {{Scientific Workflows in the Cloud}}, 
    author = {Gideon Juve and Ewa Deelman}, 
    booktitle = {Grids, Clouds and Virtualization},
    editor = {M. Cafaro and G. Aloisio},
    publisher = {Springer},
    year = {2010},
    pages = {71--91}
}

@inproceedings{Juve2011,
    author = {Juve, Gideon and Deelman, Ewa},
    title = {Wrangler: Virtual Cluster Provisioning for the Cloud},
    booktitle = {20th International Symposium on High Performance Distributed Computing {(HPDC)}},
    year = {2011}
},

@inproceedings{Juve2011b,
    title = {{Automating Application Deployment in Infrastructure Clouds}}, 
    author = {Gideon Juve and Ewa Deelman}, 
    booktitle = {{3rd IEEE International Conference on Cloud Computing Technology and Science (CloudCom 2011)}}, 
    year = {2011}
}

@article{Kanies2006,
    author = {Kanies, Luke},
    title = {Puppet: Next Generation Configuration Management},
    journal = {Login},
    volume = {31},
    number = {1},
    month = feb,
    year = {2006},
    pages = {19--25}
},

@inproceedings{Katz2005,
    author = {Katz, D. S. and Jacob, J. C. and Deelman, E. and Kesselman, C. and Gurmeet, Singh and {Mei-Hui}, Su and Berriman, G. B. and Good, J. and Laity, A. C. and Prince, T. A.},
    title = {A comparison of two methods for building astronomical image mosaics on a grid},
    booktitle = {34th International Conference on Parallel Processing Workshops {(ICPP} '05)},
    year = {2005}
},

@inproceedings{Keahey2008a,
    author = {Keahey, Kate and Figueiredo, Renato J. and Fortes, J. and Freeman, T. and Tsugawa, M.},
    title = {Science clouds: Early experiences in cloud computing for scientific applications},
    booktitle = {Cloud Computing and Its Applications {(CCA '08))}},
    year = {2008}
},

@inproceedings{Keahey2008b,
    author = {Keahey, K. and Freeman, T.},
    title = {Contextualization: Providing {One-Click} Virtual Clusters},
    booktitle = {4th International Conference on {e-Science} {(e-Science} 08)},
    year = {2008}
},

@article{Keahey2009,
    author = {Keahey, Katarzyna and Tsugawa, Mauricio and Matsunaga, Andrea and Fortes, Jose},
    title = {Sky Computing},
    journal = {{IEEE} Internet Computing},
    volume = {13},
    number = {5},
    year = {2009},
    pages = {43--51}
},

@inproceedings{Kee2008,
    author = {Kee, {Yang-Suk} and Kesselman, C. and Nurmi, D. and Wolski, R.},
    title = {Enabling personal clusters on demand for batch resources using commodity software},
    booktitle = {International Heterogeneity Computing Workshop {(HCW} 08)},
    year = {2008}
},

@article{Kephart2003,
    author = {Kephart, {J.O.} and Chess, {D.M.}},
    title = {The vision of autonomic computing},
    journal = {Computer},
    volume = {36},
    number = {1},
    year = {2003},
    pages = {41--50}
},

@misc{CoRoT,
    key = {CoRoT},
    title = {{Convection Rotation and Planetary Transits}},
    url = {http://www.esa.int/esaMI/COROT/index.html},
    howpublished = {\url{http://www.esa.int/esaMI/COROT/index.html}}
},

@misc{Kepler,
    author = {{NASA}},
    title = {{Kepler Mission}},
    url = {http://kepler.nasa.gov/},
    howpublished = {\url{http://kepler.nasa.gov/}}
},

@article{Kim2011,
    author = {Kim, Hyunjoo and {el-Khamra}, Yaakoub and Rodero, Ivan and Jha, Shantenu and Parashar, Manish},
    title = {Autonomic Management of Application Workflows on Hybrid Computing Infrastructure},
    journal = {Sci. Program.},
    issue_date = {April 2011},
    volume = {19},
    issue = {2-3},
    month = {April},
    year = {2011},
    issn = {1058-9244},
    pages = {75--89},
},

@inproceedings{Kondo2009,
    author = {Kondo, Derrick and Javadi, Bahman and Malecot, Paul and Cappello, Franck and Anderson, David P},
    title = {Cost-benefit analysis of Cloud Computing versus desktop grids},
    booktitle = {Proceedings of the {IEEE} International Symposium on Parallel \& Distributed Processing},
    year = {2009}
},

@inproceedings{Krsul2004,
    author = {Krsul, Ivan and Ganguly, Arijit and Zhang, Jian and Fortes, Jose A. B. and Figueiredo, Renato J.},
    title = {{VMPlants:} Providing and Managing Virtual Machine Execution Environments for Grid Computing},
    booktitle = {2004 {ACM/IEEE} conference on Supercomputing {(SC} 04)},
    year = {2004}
},

@misc{KVM,
    key = {KVM},
    title = {{Kernel-based Virtual Machine (KVM)}},
    url = {http://www.linux-kvm.org/},
    howpublished = {\url{http://www.linux-kvm.org/}}
},

@article{Kwok1999,
    author = {Kwok, {Yu-Kwong} and Ahmad, Ishfaq},
    title = {Static scheduling algorithms for allocating directed task graphs to multiprocessors},
    journal = {{ACM} Computing Surveys {(CSUR)}},
    volume = {31},
    number = {4},
    year = {1999},
    pages = {406--471}
},

@inproceedings{Lathers2006,
    author = {Lathers, A. and Su, {M.-H.} and Kulungowski, A. and Lin, {A.W.} and Gaurang Mehta and Peltier, {S.T.} and Deelman, E. and Ellisman, {M.H.}},
    title = {Enabling parallel scientific applications with workflow tools},
    booktitle = {Challenges of Large Applications in Distributed Environments {(CLADE} 2006)},
    year = {2006}
},

@inproceedings{Laszewski2005,
    key = {Laszewski},
    author = {Gregor von Laszewski and Deepti Kodeboyina},
    title = {A Repository Service for Grid Workflow Components},
    booktitle = {Joint International Conference on Autonomic and Autonomous Systems and International Conference on Networking and Services},
    year = {2005}
},

@inproceedings{Lee2008,
    author = {Lee, Kevin and Paton, Norman W and Sakellariou, Rizos and Deelman, Ewa and Fernandes, Alvaro A. A and Mehta, Gaurang},
    title = {Adaptive Workflow Processing and Execution in Pegasus},
    booktitle = {Proceedings of the 3rd International Conference on Grid and Pervasive Computing Workshops},
    year = {2008}
},

@article{Li2008,
    author = {Li, H and Ruan, J and Durbin, R},
    title = {Mapping short {DNA} sequencing reads and calling variants using mapping quality scores},
    journal = {Genome Research},
    volume = {18},
    number = {11},
    year = {2008},
    pages = {1851--1858}
},

@misc{LIGO,
    key = {Laser Interferometer Gravitational Wave Observatory},
    title = {{Laser Interferometer Gravitational Wave Observatory (LIGO)}},
    url = {http://www.ligo.caltech.edu},
    howpublished = {\url{http://www.ligo.caltech.edu}}
},

@inproceedings{Litzkow1988,
    author = {Litzkow, Michael J. and Livny, Miron and Mutka, Matt W.},
    title = {Condor: A Hunter of Idle Workstations},
    booktitle = {8th International Conference of Distributed Computing Systems},
    year = {1988}
},

@article{Livny2008,
    author = {Livny, Jonathan and Teonadi, Hidayat and Livny, Miron and Waldor, Matthew K.},
    title = {{High-Throughput}, {Kingdom-Wide} Prediction and Annotation of Bacterial {Non-Coding} {RNAs}},
    journal = {{PLoS} {ONE}},
    volume = {3},
    number = {9},
    year = {2008},
    pages = {e3197}
},

@misc{Lustre, 
    author = {{Oracle Corporation}}, 
    title = {{Lustre Parallel Filesystem}},
    url = {http://www.lustre.org},
    howpublished = {\url{http://www.lustre.org}}
},

@incollection{Maechling2007,
    author = {Maechling, Phillip and Deelman, Ewa and Zhao, Li and Graves, Robert and Mehta, Gaurang and Gupta, Nitin and Mehringer, John and Kesselman, Carl and Callaghan, Scott and Okaya, David and Francoeur, Hunter and Gupta, Vipin and Cui, Yifeng and Vahi, Karan and Jordan, Thomas and Field, Edward},
    title = {{SCEC} {CyberShake} {Workflows—Automating} Probabilistic Seismic Hazard Analysis Calculations},
    booktitle = {{Workflows for e-Science}},
    editor = {Taylor, I. and Deelman, E. and Gannon, D. and Shields, M.},
    publisher = {Springer},
    year = {2007},
    pages = {143--163}
},

@article{Maeno2008,
    author = {Maeno, T.},
    title = {{PanDA:} distributed production and distributed analysis system for {ATLAS}},
    journal = {Journal of Physics: Conference Series},
    volume = {119},
    number = {6},
    year = {2008},
    pages = {062036}
},

@misc{Magellan,
    author = {{National Energy Research Scientific Computing Center (NERSC)}},
    title = {Magellan},
    url = {http://magellan.nersc.gov},
    howpublished = {\url{http://magellan.nersc.gov}}
},

@inproceedings{Maheswaran1999,
    author = {Maheswaran, Muthucumaru and Ali, Shoukat and Siegel, Howard Jay and Hensgen, Debra and Freund, Richard F.},
    title = {Dynamic Matching and Scheduling of a Class of Independent Tasks onto Heterogeneous Computing Systems},
    booktitle = {8th Heterogeneous Computing Workshop},
    year = {1999}
},

@inproceedings{Mao2011,
    author = {Mao, Ming and Humphrey, Marty},
    title = {Auto-scaling to minimize cost and meet application deadlines in cloud workflows},
    booktitle = {Proceedings of Supercomputing 2011 (SC '11)},
    year = {2011}
},

@misc{MAQ,
    key = {MAQ},
    title = {{MAQ: Mapping and assembly with qualities}},
    url = {http://www.maq.sourceforge.net},
    howpublished = {\url{http://www.maq.sourceforge.net}}
},

@inproceedings{Marshall2010,
    author = {Marshall, Paul and Keahey, Kate and Freeman, Tim},
    title = {Elastic Site: Using Clouds to Elastically Extend Site Resources},
    booktitle = {10th {IEEE/ACM} International Symposium on Cluster, Cloud and Grid Computing {(CCGrid} 2010)},
    month = may,
    year = {2010}
},

@inproceedings{Mattson2001,
    author = {Mattson, {T.G.}},
    title = {High performance computing at Intel: the {OSCAR} software solution stack for cluster computing},
    booktitle = {Proceedings of the 1st {IEEE/ACM} International Symposium on Cluster Computing and the Grid {(CCGrid} 2001)},
    year = {2001}
},

@misc{Maui,
    key = {Maui},
    title = {Maui Cluster Scheduler},
    url = {http://www.supercluster.org/maui},
    howpublished = {\url{http://www.supercluster.org/maui}}
},

@article{Miles2008,
    title = {Provenance: The Bridge Between Experiments and Data},
    volume = {10},
    number = {3},
    journal = {Computing in Science and Engineering},
    author = {Miles, Simon and Groth, Paul and Deelman, Ewa and Vahi, Karan and Mehta, Gaurang and Moreau, Luc},
    year = {2008},
    pages = {38--46}
},

@misc{MosaicService,
    author = {Infrared Processing and Analysis Center (IPAC)},
    title = {{Montage Image Mosaic Service}},
    url = {http://hachi.ipac.caltech.edu:8080/montage/},
    howpublished = {\url{http://hachi.ipac.caltech.edu:8080/montage/}}
},

@inproceedings{Moscicki2003,
    author = {Moscicki, {J.T.}},
    title = {{DIANE} - Distributed Analysis Environment for {GRID-enabled} Simulation and Analysis of Physics Data},
    booktitle = {{IEEE} Nuclear Science Symposium Conference Record},
    month = oct,
    year = {2003}
},

@inproceedings{Murphy2009,
    author = {Murphy, Michael A and Kagey, Brandon and Fenn, Michael and Goasguen, Sebastien},
    title = {Dynamic Provisioning of Virtual Organization Clusters},
    booktitle = {9th {IEEE/ACM} International Symposium on Cluster Computing and the Grid {(CCGrid} 09)},
    year = {2009}
},

@article{Murphy2010,
    author = {Murphy, Michael A and Goasguen, Sebastien},
    title = {Virtual Organization Clusters: Self-provisioned clouds on the grid},
    journal = {Future Generation Computer Systems},
    volume = {26},
    month = oct,
    year = {2010},
    pages = {1271–1281}
},

@misc{myExperiment,
    key = {myExperiment},
    title = {{The myExperiment Virtual Research Environment}},
    url = {http://www.myexperiment.org},
    howpublished = {\url{http://www.myexperiment.org}}
},

@inproceedings{Napper2009,
    author = {Napper, Jeffrey and Bientinesi, Paolo},
    title = {Can Cloud Computing Reach the Top500?},
    booktitle = {Proceedings of the Workshop on {UnConventional} High Performance Computing},
    year = {2009}
},

@article{Nilsson2008,
    author = {Nilsson, P.},
    title = {Experience from a pilot based system for {ATLAS}},
    journal = {Journal of Physics: Conference Series},
    volume = {119},
    number = {6},
    year = {2008},
    pages = {062038}
},

@inproceedings{Nishimura2007,
    author = {Nishimura, Hideo and Maruyama, Naoya and Matsuoka, Satoshi},
    title = {Virtual Clusters on the Fly - Fast, Scalable, and Flexible Installation},
    booktitle = {7th {IEEE} International Symposium on Cluster Computing and the Grid {(CCGrid} 07)},
    year = {2007}
},

@misc{NStED,
    author = {Infrared Processing and Analysis Center (IPAC)},
    title = {{NASA Star and Exoplanet Database (NStED)}},
    url = {http://nsted.ipac.caltech.edu},
    howpublished = {\url{http://nsted.ipac.caltech.edu}}
},

@article{Nudd2000,
    author = {Nudd, G. R. and Kerbyson, D. J. and Papaefstathiou, E. and Perry, S. C. and Harper, J. S. and Wilcox, D. V.},
    title = {{Pace—A} Toolset for the Performance Prediction of Parallel and Distributed Systems},
    journal = {International Journal of High Performance Computing Applications},
    volume = {14},
    number = {3},
    year = {2000},
    pages = {228 --251}
},

@inproceedings{Nurmi2006,
    author = {Nurmi, Daniel and Mandal, Anirban and Brevik, John and Koelbel, Chuck and Wolski, Rich and Kennedy, Ken},
    title = {Evaluation of a workflow scheduler using integrated performance modelling and batch queue wait time prediction},
    booktitle = {{IEEE/ACM} Conference on Supercomputing},
    year = {2006}
},

@inproceedings{Nurmi2008,
    author = {Nurmi, Daniel and Wolski, Rich and Brevik, John},
    title = {{VARQ:} virtual advance reservations for queues},
    booktitle = {17th International Symposium on High Performance Distributed Computing {(HPDC} '08)},
    year = {2008}
},

@techreport{Nurmi2008b,
    author = {Nurmi, Daniel and Wolski, Rich and Grzegorczyk, Chris and Obertelli, Graziano and Soman, Sunil and Youseff, Lamia and Zagorodnov, Dmitrii},
    title = {Eucalyptus: A Technical Report on an Elastic Utility Computing Architecture Linking Your Programs to Useful Systems},
    type = {{UCSB} Computer Science Technical Report},
    number = {2008-10},
    year = {2008}
},

@inproceedings{Nurmi2009,
    author = {Nurmi, Daniel and Wolski, Rich and Grzegorczyk, Chris and Obertelli, Graziano and Soman, Sunil and Youseff, Lamia and Zagorodnov, Dmitrii},
    title = {The Eucalyptus Open-source Cloud-computing System},
    booktitle = {9th {IEEE/ACM} International Symposium on Cluster Computing and the Grid {(CCGrid} 09)},
    year = {2009}
},

@article{Oinn2004,
    author = {Oinn, Tom and Addis, Matthew and Ferris, Justin and Marvin, Darren and Senger, Martin and Greenwood, Mark and Carver, Tim and Glover, Kevin and Pocock, Matthew R. and Wipat, Anil and Li, Peter},
    title = {Taverna: a tool for the composition and enactment of bioinformatics workflows},
    journal = {Bioinformatics},
    volume = {20},
    number = {17},
    month = nov,
    year = {2004},
    pages = {3045--3054}
},

@misc{OpenNebula,
    key = {{OpenNebula}},
    title = {{OpenNebula}},
    url = {http://www.opennebula.org},
    howpublished = {\url{http://www.opennebula.org}}
},

@misc{OpenPBS,
    key = {{OpenPBS}},
    title = {{OpenPBS}},
    url = {http://www.openpbs.org},
    howpublished = {\url{http://www.openpbs.org}}
},

@misc{OSG,
    key = {Open Science Grid},
    title = {Open Science Grid},
    url = {http://www.opensciencegrid.org},
    howpublished = {\url{http://www.opensciencegrid.org}}
},

@inproceedings{Ostermann2009a,
    author = {Ostermann, Simon and Iosup, Alexandru and Yigitbasi, Nezih and Prodan, Radu and Fahringer, Thomas and Epema, Dick},
    title = {A Performance Analysis of {EC2} Cloud Computing Services for Scientific Computing},
    booktitle = {Proceedings of Cloudcomp 2009},
    year = {2009}
},

@incollection{Ostermann2009b,
    author = {Ostermann, Simon and Plankensteiner, Kassian and Prodan, Radu and Fahringer, Thomas and Iosup, Alexandru},
    title = {Workflow Monitoring and Analysis Tool for {ASKALON}},
    booktitle = {Grid and Services Evolution},
    year = {2009}
},

@inproceedings{Ostermann2010a,
    author = {Ostermann, S. and Prodan, R. and Fahringer, T.},
    title = {Dynamic Cloud provisioning for scientific Grid workflows},
    booktitle = {Grid Computing {(GRID} 2010)},
    year = {2010}
},

@incollection{Ostermann2010b,
    author = {Ostermann, Simon and Iosup, Alexandria and Yigitbasi, Nezih and Prodan, Radu and Fahringer, Thomas and Epema, Dick},
    title = {A Performance Analysis of {EC2} Cloud Computing Services for Scientific Computing},
    booktitle = {Cloud Computing},
    editor = {Akan, Ozgur and others},
    volume = {34},
    publisher = {Springer Berlin Heidelberg},
    series = {Lecture Notes of the Institute for Computer Sciences, Social Informatics and Telecommunications Engineering},
    year = {2010},
    pages = {115--131}
},

@inproceedings{Palankar2008,
    author = {Palankar, Mayur R. and Iamnitchi, Adriana and Ripeanu, Matei and Garfinkel, Simson},
    title = {Amazon S3 for science grids: a viable solution?},
    booktitle = {Proceedings of the 2008 international workshop on Data-aware distributed computing {(DADC} 08)},
    year = {2008}
},

@inproceedings{Pandey2010,
    author = {Pandey, Suraj and Wu, Linlin and Guru, Siddeswara Mayura and Buyya, Rajkumar},
    title = {{A Particle Swarm Optimization-Based Heuristic for Scheduling Workflow Applications in Cloud Computing Environments}},
    booktitle = {International Conference on Advanced Information Networking and Applications},
    year = {2010}
},

@article{Papadopoulos2003,
    author = {Papadopoulos, Philip M. and Katz, Mason J. and Bruno, Greg},
    title = {{NPACI} Rocks: tools and techniques for easily deploying manageable Linux clusters},
    journal = {Concurrency and Computation: Practice and Experience},
    volume = {15},
    number = {7-8},
    month = jun,
    year = {2003},
    pages = {707--725}
},

@misc{ParallelWorkloadsArchive,
    key = {Parallel workloads archive},
    title = {{Parallel Workloads Archive}},
    url = {http://www.cs.huji.ac.il/labs/parallel/workload/},
    howpublished = {\url{http://www.cs.huji.ac.il/labs/parallel/workload}}
},

@misc{PBSPro,
    key = {PBSPro},
    title = {{PBSPro}},
    url = {http://www.pbspro.com},
    howpublished = {\url{http://www.pbspro.com}}
},

@misc{Perceus,
    author = {{Infiniscale, Inc.}},
    title = {{Perceus/Warewulf}},
    url = {http://www.perceus.org/},
    howpublished = {\url{http://www.perceus.org/}}
},

@incollection{Pinchak2002,
    author = {Pinchak, Christopher and Lu, Paul and Goldenberg, Mark},
    title = {Practical Heterogeneous Placeholder Scheduling in Overlay Metacomputers: Early Experiences},
    booktitle = {Job Scheduling Strategies for Parallel Processing},
    year = {2002},
    pages = {205--228}
},

@misc{PlatformLSF,
    author = {{Platform Computing, Inc.}},
    title = {{Platform LSF}},
    url = {http://www.platform.com/workload-management/high-performance-computing},
    howpublished = {\url{http://www.platform.com/workload-management/high-performance-computing}}
},

@article{Prodan2010,
    author = {Prodan, Radu and Wieczorek, Marek},
    title = {{Bi-Criteria Scheduling of Scientific Grid Workflows}},
    journal = {IEEE Transactions on Automation Science and Engineering},
    volume = {7},
    number = {2},
    year = {2010},
    pages = {364--376}
},

@manual{ptrace,
    key = {ptrace},
    title = {ptrace - process trace},
    note = {Linux Programmer's Manual}
},

@inproceedings{Raicu2007,
    author = {Raicu, Ioan and Zhao, Yong and Dumitrescu, Catalin and Foster, Ian and Wilde, Mike},
    title = {Falkon: a Fast and Light-weight {tasK} {executiON} framework},
    booktitle = {{IEEE/ACM} Conference on Supercomputing},
    year = {2007}
},

@techreport{Ramakrishnan2008,
    author = {Ramakrishnan, Lavanya and Gannon, Dennis},
    title = {A Survey of Distributed Workflow Characteristics and Resource Requirements},
    number = {{TR671}},
    institution = {Indiana University},
    year = {2008}
},

@misc{Ranger,
    author = {{Texas Advanced Computing Center (TACC)}},
    title = {Ranger User Guide},
    url = {http://www.tacc.utexas.edu/user-services/user-guides/ranger-user-guide},
    howpublished = {\url{http://www.tacc.utexas.edu/user-services/user-guides/ranger-user-guide}}
},

@article{Rehr2010,
    author = {Rehr, John J. and Vila, Fernando D. and Gardner, Jeffrey P. and Svec, Lucas and Prange, Micah},
    title = {Scientific Computing in the Cloud},
    journal = {Computing in Science and Engineering},
    volume = {12},
    number = {3},
    year = {2010},
    pages = {34--43}
},

@misc{RightScale,
    author = {{RightScale, Inc.}},
    title = {{RightScale}},
    url = {http://www.rightscale.com},
    howpublished = {\url{http://www.rightscale.com}}
}

@inproceedings{Rodriguez2009,
    author = {Rodríguez, Manuel and Tapiador, Daniel and Fontán, Javier and Huedo, Eduardo and Montero, Rubén S and Llorente, Ignacio M},
    title = {Dynamic Provisioning of Virtual Clusters for Grid Computing},
    booktitle = {{Euro-Par} 2008 Workshops - Parallel Processing},
    year = {2009}
},

@inproceedings{Sandberg1985,
    author = {Sandberg, R. and Golgberg, D. and Kleiman, S. and Walsh, D. and Lyon, B.},
    title = {Design and Implementation of the Sun Network Filesystem},
    booktitle = {{USENIX} Conference Proceedings},
    year = {1985}
},

@inproceedings{Sapuntzakis2003,
    author = {Sapuntzakis, Constantine and Brumley, David and Chandra, Ramesh and Zeldovich, Nickolai and Chow, Jim and Lam, Monica S. and Rosenblum, Mendel},
    title = {Virtual Appliances for Deploying and Maintaining Software},
    booktitle = {17th {USENIX} Conference on System Administration},
    year = {2003}
},

@incollection{Sakellariou2007,
    author = {Sakellariou, Rizos and Zhao, Henan and Tsiakkouri, Eleni and Dikaiakos, Marios D},
    title = {Scheduling Workflows with Budget Constraints},
    booktitle = {Integrated Research in {GRID} Computing},
    editor = {S. Gorlatch and M. Danelutto},
    series = {{COREGrid Series}},
    publisher = {{Springer-Verlag}},
    year = {2007}
},

@incollection{Sakellariou2010,
    author = {Sakellariou, Rizos and Zhao, Henan and Deelman, Ewa},
    title = {{Mapping Workflows on Grid Resources: Experiments with the Montage Workflow}},
    booktitle = {Grids P2P and Services Computing},
    editor = {Desprez, Fr\'{e}d\'{e}ric and Getov, Vladimir and Priol, Thierry and Yahyapour, Ramin},
    year = {2010},
    pages = {119--132}
},

@misc{SCEC,
    key = {Southern California Earthquake Center},
    title = {{Southern California Earthquake Center (SCEC)}},
    url = {http://www.scec.org},
    howpublished = {\url{http://www.scec.org}}
},

@inproceedings{Schopf1998,
    author = {Schopf, Jennifer and Berman, Francine},
    title = {Performance Prediction in Production Environments},
    booktitle = {Proceedings of the First Merged International Parallel Processing Symposium and Symposium on Parallel and Distributed Processing {(IPPS/SPDP} 98)},
    year = {1998}
},

@misc{Scyld,
    author = {{Penguin Computing, Inc.}},
    title = {Scyld {ClusterWare}},
    url = {http://www.penguincomputing.com/software/scyld_clusterware},
    howpublished = {\url{http://www.penguincomputing.com/software/scyld_clusterware}}
},

@misc{SDSCPortal,
    key = {SDSC},
    title = {{SDSC User Portal}},
    url = {http://portal.sdsc.edu},
    howpublished = {\url{http://portal.sdsc.edu}}
},

@article{Sfiligoi2008,
    author = {Sfiligoi, Igor},
    title = {{glideinWMS---a} generic pilot-based workload management system},
    journal = {Journal of Physics: Conference Series},
    volume = {119},
    number = {6},
    year = {2008},
    pages = {062044}
},

@techreport{Singh2005a,
    author = {Singh, Gurmeet and Kesselman, Carl and Deelman, Ewa},
    title = {Performance Impact of Resource Provisioning on Workflows},
    number = {05-850},
    institution = {University of Southern California},
    year = {2005}
},

@article{Singh2005b,
    author = {Singh, Gurmeet and Kesselman, Carl and Deelman, Ewa},
    title = {Optimizing {Grid-Based} Workflow Execution},
    journal = {Journal of Grid Computing},
    volume = {3},
    number = {3-4},
    year = {2005},
    pages = {201--219}
},

@inproceedings{Singh2006,
    author = {Singh, Gurmeet and Kesselman, Carl and Deelman, Ewa},
    title = {{Application-Level} Resource Provisioning on the Grid},
    booktitle = {Proceedings of the 2nd {IEEE} International Conference on {e-Science} and Grid Computing},
    year = {2006}
},

@inproceedings{Singh2007,
    author = {Singh, Gurmeet and Kesselman, Carl and Deelman, Ewa},
    title = {A Provisioning Model and its Comparison with {Best-Effort} for {Performance-Cost} Optimization in Grids},
    booktitle = {Proceedings of the 16th international symposium on High performance distributed computing {(HPDC} '07)},
    year = {2007}
},

@inproceedings{Singh2008,
    author = {Singh, Gurmeet and Su, {Mei-Hui} and Vahi, Karan and Deelman, Ewa and Berriman, Bruce and Good, John and Katz, Daniel S. and Mehta, Gaurang},
    title = {Workflow task clustering for best effort systems with Pegasus},
    booktitle = {15th {ACM} Mardi Gras Conference},
    year = {2008}
},

@inproceedings{Smith2000,
    author = {Smith, Warren and Foster, Ian and Taylor, Valerie},
    title = {Scheduling with Advanced Reservations},
    booktitle = {14th International Parallel and Distributed Processing Symposium {(IPDPS} 2000)},
    year = {2000},
    pages = {127}
},

@article{Smith2004,
    author = {Smith, Warren and Foster, Ian and Taylor, Valerie},
    title = {Predicting application run times with historical information},
    journal = {Journal of Parallel and Distributed Computing},
    volume = {64},
    number = {9},
    month = sep,
    year = {2004},
    pages = {1007--1016}
},

@misc{StarCluster,
    author = {{Massachussetts Institute of Technology}},
    title = {{StarCluster}},
    url = {http://web.mit.edu/stardev/cluster/},
    howpublished = {\url{http://web.mit.edu/stardev/cluster/}}
},

@misc{strace,
    key = {strace},
    title = {strace system call tracing utility},
    url = {http://sourceforge.net/projects/strace/},
    howpublished = {\url{http://sourceforge.net/projects/strace/}}
},

@article{Talukder2009,
    author = {Talukder, A. K. M. Khaled Ahsan and Kirley, Michael and Buyya, Rajkumar},
    title = {{Multiobjective differential evolution for scheduling workflow applications on global Grids}},
    journal = {Concurrency Computation: Practice and Experience},
    volume = {21},
    number = {13},
    year = {2009},
    pages = {1742--1756}
},

@article{Taylor2006,
    author = {Taylor, Ian and Shields, Matthew and Wang, Ian and Harrison, Andrew},
    title = {Visual Grid Workflow in Triana},
    journal = {Journal of Grid Computing},
    volume = {3},
    number = {3-4},
    month = jan,
    year = {2006},
    pages = {153--169}
},

@book{Taylor2007,
    author = {Taylor, I. and Deelman, E. and Gannon, D. and Shields, M.},
    title = {{Workflows for e-Science: Scientific Workflows for Grids}},
    publisher = {{Springer-Verlag New York, Inc.}},
    year = {2007}
},

@misc{TeraGrid,
    key = {TeraGrid},
    title = {{The TeraGrid Project}},
    url = {http://www.teragrid.org},
    howpublished = {\url{http://www.teragrid.org}}
},

@article{Topcuoglu2002,
    author = {Topcuoglu, H. and Hariri, S. and {Min-You}, Wu},
    title = {Performance-effective and low-complexity task scheduling for heterogeneous computing},
    journal = {{IEEE} Transactions on Parallel and Distributed Systems},
    volume = {13},
    number = {3},
    year = {2002},
    pages = {260--274}
},

@misc{Torque,
    key = {Torque},
    title = {Torque},
    url = {http://supercluster.org/torque},
    howpublished = {\url{http://supercluster.org/torque}}
},

@article{Truong2004,
    author = {Truong, {Hong-Linh} and Fahringer, Thomas},
    title = {{SCALEA-G:} A unified monitoring and performance analysis system for the grid},
    journal = {Scientific Programming},
    volume = {12},
    number = {4},
    year = {2004},
    pages = {225--237}
},

@article{Tsaregorodtsev2008,
    author = {Tsaregorodtsev, A. and Bargiotti, M. and Brook, N. and Ramo, A. C. and Castellani, G. and Charpentier, P. and Cioffi, C. and Closier, J. and Diaz, R. G. and Kuznetsov, G. and Li, Y. Y. and Nandakumar, R. and Paterson, S. and Santinelli, R. and Smith, A. C. and Miguelez, M. S. and Jimenez, S. G.},
    title = {{DIRAC:} a community grid solution},
    journal = {Journal of Physics: Conference Series},
    volume = {119},
    number = {6},
    year = {2008},
    pages = {062048}
},

@inproceedings{Uthayopas2000,
    author = {Uthayopas, P. and Paisitbenchapol, S. and Angskun, T. and Maneesilp, J.},
    title = {System management framework and tools for Beowulf cluster},
    booktitle = {Fourth International {Conference/Exhibition} on High Performance Computing in the {Asia-Pacific} Region},
    year = {2000}
},

@inproceedings{Uysal1998,
    author = {Uysal, Mustafa and Kurc, Tahsin M. and Sussman, Alan and Saltz, Joel H.},
    title = {A Performance Prediction Framework for Data Intensive Applications on Large Scale Parallel Machines},
    booktitle = {4th International Workshop on Languages, Compilers, and {Run-Time} Systems for Scalable Computers},
    year = {1998}
},

@inproceedings{Vockler2006,
    author = {Jens V\"ockler and Gaurang Mehta and Yong Zhao and Ewa Deelman and Mike Wilde},
    title = {{Kickstarting Remote Applications}},
    booktitle = {Proceedings of the 2nd Workshop on Grid Computing Environments (OGCE 06)},
    year = {2006}
}

@inproceedings{Vockler2011,
    author = {V\"ockler, {Jens-S.} and Juve, Gideon and Deelman, Ewa and Rynge, Mats and Berriman, G. Bruce},
    title = {Experiences Using Cloud Computing for A Scientific Workflow Application},
    booktitle = {2nd Workshop on Scientific Cloud Computing {(ScienceCloud '11)}},
    year = {2011}
},

@inproceedings{Walker2006,
    author = {Walker, Edward and Gardner, Jeffrey P. and Litvin, Vladim and Turner, Evan},
    title = {Creating Personal Adaptive Clusters for Managing Scientific Jobs in a Distributed Computing Environment},
    booktitle = {{IEEE} International Workshop on Challenges of Large Applications in Distributed Environments {(CLADE} 06)},
    year = {2006}
},

@article{Walker2008,
    author = {Walker, Edward},
    title = {Benchmarking Amazon {EC2} for {High-Performance} Scientific Computing},
    journal = {Login},
    volume = {33},
    number = {5},
    year = {2008},
    pages = {18--23}
},

@inproceedings{Weil2006,
    author = {S.A. Weil and S.A. Brandt and E.L. Miller and D.D.E. Long and C. Maltzahn},
    title = {Ceph: A scalable, high-performance distributed file system},
    booktitle = {{7th Symposium on Operating Systems Design and Implementation (OSDI 06)}},
    year = {2006}
},

@inproceedings{Wieczorek2006,
    author = {Wieczorek, Marek and Siddiqui, Mumtaz and Villazon, Alex and Prodan, Radu and Fahringer, Thomas},
    title = {Applying Advance Reservation to Increase Predictability of Workflow Execution on the Grid},
    booktitle = {Second {IEEE} International Conference on {e-Science} and Grid Computing {(e-Science} 2006)},
    year = {2006}
},

@article{Wieczorek2009,
    author = {Wieczorek, M and Hoheisel, A and Prodan, R},
    title = {{Towards a general model of the multi-criteria workflow scheduling on the grid}},
    journal = {Future Generation Computer Systems},
    volume = {25},
    number = {3},
    month = mar,
    year = {2009},
    pages = {237--256}
},

@inproceedings{Wilkening2009,
    author = {Wilkening, J. and Wilke, A. and Desai, N. and Meyer, F.},
    title = {Using clouds for metagenomics: A case study},
    booktitle = {{IEEE} Cluster},
    year = {2009}
},

@misc{WorkflowGallery,
    key = {Workflow Gallery},
    title = {Workflow Gallery},
    url = {http://pegasus.isi.edu/workflow_gallery/index.php},
    howpublished = {\url{http://pegasus.isi.edu/workflow_gallery/index.php}},
},

@misc{WorkflowGenerator,
    key = {{Workflow Generator}},
    title = {{Workflow Generator}},
    url = {https://confluence.pegasus.isi.edu/display/pegasus/WorkflowGenerator},
    howpublished = {\url{https://confluence.pegasus.isi.edu/display/pegasus/WorkflowGenerator}},
},

@misc{WorkflowPatterns,
    key = {Workflow Patterns},
    title = {{The Workflow Patterns Initiative}},
    url = {http://www.workflowpatterns.com},
    howpublished = {\url{http://www.workflowpatterns.com}}
},

@misc{XenHVM,
    author = {P. K\"arkk\"ainen and L. Kurth}, 
    title = {{XenOverview - Xen Wiki}},
    url = {http://wiki.xensource.com/xenwiki/XenOverview},
    howpublished = {\url{http://wiki.xensource.com/xenwiki/XenOverview}}
},

@inproceedings{Youseff2006,
    author = {Youseff, Lamia and Wolski, Rich and Gorda, Brent and Krintz, Chandra},
    title = {Paravirtualization for {HPC} Systems},
    booktitle = {Workshop on Xen in {High-Performance} Cluster and Grid Computing},
    year = {2006}
}

@inproceedings{Youseff2008,
    author = {Youseff, L. and Butrico, M. and Da Silva, D.},
    title = {Toward a Unified Ontology of Cloud Computing},
    booktitle = {Grid Computing Environments Workshop {(GCE} '08)},
    year = {2008}
},

@article{Yu2005a,
    author = {Yu, Jia and Buyya, Rajkumar},
    title = {A Taxonomy of Workflow Management Systems for Grid Computing},
    journal = {Journal of Grid Computing},
    volume = {3},
    number = {3--4},
    year = {2005}
},

@inproceedings{Yu2005b,
    author = {Yu, Jia and Buyya, Rajkumar and Tham, {Chen-Khong}},
    title = {{Cost-Based} Scheduling of Scientific Workflow Application on Utility Grids},
    booktitle = {Proceedings of the First International Conference on {e-Science} and Grid Computing},
    year = {2005}
},

@inproceedings{Zhang2009,
    author = {Zhang, Yang and Koelbel, C. and Cooper, K.},
    title = {Batch queue resource scheduling for workflow applications},
    booktitle = {{IEEE} International Conference on Cluster Computing (Cluster 09)},
    year = {2009}
},

@incollection{Zhao2007,
    author = {Zhao, Henan and Sakellariou, Rizos},
    title = {Advance Reservation Policies for Workflows},
    booktitle = {Job Scheduling Strategies for Parallel Processing},
    year = {2007},
    pages = {47--67}
}

@inproceedings{ZhiHong2006,
    author = {{Zhi-Hong}, Zhang and Dan, Meng and {Jian-Feng}, Zhan and Lei, Wang and Lin-ping, Wu and Wei, Huang},
    title = {Easy and reliable cluster management: the self-management experience of Fire Phoenix},
    booktitle = {20th International Parallel and Distributed Processing Symposium {(IPDPS} 06)},
    year = {2006}
},



% Chen ICS
@inproceedings{Chen2013,
 author = {Chen, Weiwei and Deelman, Ewa and Sakellariou, Rizos},
 title = {Imbalance optimization in scientific workflows},
 booktitle = {Proceedings of the 27th international ACM conference on International conference on supercomputing},
 series = {ICS '13},
 year = {2013},
 isbn = {978-1-4503-2130-3},
 location = {Eugene, Oregon, USA},
 pages = {461--462},
 numpages = {2},
 acmid = {2467270},
 keywords = {balance, data locality, overhead, scientific workflow},
} 

@article{Braun2001,
    author={Tracy D. Braun and
               Howard Jay Siegel and
               Noah Beck and
               Ladislau B{\"o}l{\"o}ni and
               Muthucumaru Maheswaran and
               Albert I. Reuther and
               James P. Robertson and
               Mitchell D. Theys and
               Bin Yao and
               Debra A. Hensgen and
               Richard F. Freund},
    title={A Comparison of Eleven Static Heuristic for Mapping a Class of Independent Tasks onto Heterogeneous Distributed Computing Systems},
    journal={Journal of Parallel and Distributed Computing},
    volume={61},
    number={6},
    year={2001},
    pages={810--837},
},

@article{Zheng,
 author = {Zheng, Gengbin and Bhatel{\'e}, Abhinav and Meneses, Esteban and Kal{\'e}, Laxmikant V.},
 title = {Periodic hierarchical load balancing for large supercomputers},
 journal = {Int. J. High Perform. Comput. Appl.},
 issue_date = {November  2011},
 volume = {25},
 number = {4},
 month = nov,
 year = {2011},
 issn = {1094-3420},
 pages = {371--385},
 numpages = {15},
 acmid = {2076561},
 keywords = {hierarchical algorithms, load balancing, parallel applications, performance study, scalability},
},

@inproceedings{Juve2013, 
  title={Characterizing and Profiling Scientific Workflows},
  author={Gideon Juve and Ann Chervenak and Ewa Deelman and Shishir Bharathi and Gaurang Mehta and Karan Vahi},
  booktitle={Future Generation Computer Systems}, 
  year={2013},
  month=mar, 
  pages={682–692},
},

@misc{Epigenome,
    key = {{USC Epigenome Center}},
    title = {{USC Epigenome Center}},
    url = {http://epigenome.usc.edu},
},

@misc{FutureGrid,
    key = {{FutureGrid}},
    title = {{FutureGrid}},
    url = {http://futuregrid.org/},
},

@misc{AmazonAWS,
    author = {{Amazon.com, Inc.}},
    title = {{Amazon Web Services}},
    url = {http://aws.amazon.com},
   },

@inproceedings{WorkflowSim,
    author={Weiwei Chen and
	     Ewa Deelman},
    title={WorkflowSim: A Toolkit for Simulating Scientific Workflows in Distributed Environments},
    booktitle={The 8th IEEE International Conference on eScience},
    year={2012},
   month=oct,
},
@inproceedings{Muthuvelu:2005:DJG:1082290.1082297,
 	author = {Muthuvelu, Nithiapidary and Liu, Junyang and Soe, Nay Lin and Venugopal, Srikumar and Sulistio, Anthony and Buyya, Rajkumar},
 	title = {A dynamic job grouping-based scheduling for deploying applications with fine-grained tasks on global grids},
 	booktitle = {Proceedings of the 2005 Australasian workshop on Grid computing and e-research - Volume 44},
	 year = {2005},
 	isbn = {1-920-68226-0},
	location = {Newcastle, New South Wales, Australia},
	pages = {41--48},
	numpages = {8},
	acmid = {1082297},
} 

@INPROCEEDINGS{4493929,
	author={Muthuvelu, N. and Chai, I. and Eswaran, C.},
	booktitle={Advanced Communication Technology, 2008. ICACT 2008. 10th International Conference on}, 
	title={An Adaptive And Parameterized Job Grouping Algorithm For Scheduling Grid Jobs},
	year={2008},
	volume={2},
	pages={975 -980},
	ISSN={1738-9445}
}

@incollection{Muthuvelu2010,
	year={2010},
	booktitle={Algorithms and Architectures for Parallel Processing},
	volume={6081},
	series={Lecture Notes in Computer Science},
	title={On-Line Task Granularity Adaptation for Dynamic Grid Applications},
	author={Muthuvelu, Nithiapidary and Chai, Ian and Chikkannan, Eswaran and Buyya, Rajkumar},
	pages={266-277}
}

@article{Muthuvelu2013170,
	title = "Task granularity policies for deploying bag-of-task applications on global grids",
	journal = "FGCS",
	volume = "29",
	number = "1",
	pages = "170 - 181",
	year = "2012",
	issn = "0167-739X",
	author = {Muthuvelu, Nithiapidary  and Christian Vecchiolab and Ian Chaia and Eswaran Chikkannana and Rajkumar Buyyab}
}

@article{keat-2006,
	author = {Wai Keat Ng and Tan Fong Ang and Teck Chaw Ling and Chee Sun Liew},
	title = {Scheduling Framework for Bandwidth-Aware Job Grouping-Based Scheduling in Grid Computing},
	journal = {Malaysian Journal of Computer Science},
	volume = {19},
	year = {2006},
	issue = {2}
}

@article{ang-2009,
	author = {T.F. Ang and W.K. Ng and T.C. Ling and L.Y. Por and C.S. Lieu},
	title = {A Bandwidth-Aware Job Grouping-Based Scheduling on Grid Environment},
	journal = {Information Technology Journal},
	volume = {8},
	year = {2009},
	pages = {372-377}
}

@INPROCEEDINGS{4958835,
	author={Quan Liu and Yeqing Liao},
	booktitle={ETCS '09}, 
	title={Grouping-Based Fine-Grained Job Scheduling in Grid Computing},
	year={2009},
	volume={1},
	pages={556 -559},
}

@INPROCEEDINGS{Silva2013,
	year={2013},
	isbn={978-3-642-40046-9},
	booktitle={Euro-Par 2013 Parallel Processing},
	volume={8097},
	series={Lecture Notes in Computer Science},
	title={On-Line, Non-clairvoyant Optimization of Workflow Activity Granularity on Grids},
	publisher={Springer Berlin Heidelberg},
	author={Ferreira da Silva, R and Tristan Glatard and Fr\'ed\'eric Desprez},
	pages={255-266}
}

@inproceedings{Singh:2008:WTC:1341811.1341822,
	author = {Singh, Gurmeet and Su, Mei-Hui and Vahi, Karan and Deelman, Ewa and Berriman, Bruce and Good, John and Katz, Daniel S. and Mehta, Gaurang},
	title = {Workflow task clustering for best effort systems with Pegasus},
	booktitle = {Mardi Gras'08},
	year = {2008},
	isbn = {978-1-59593-835-0},
	location = {Baton Rouge, Louisiana},
	pages = {9:1--9:8},
	articleno = {9},
	numpages = {8},
	keywords = {best effort systems, queue wait time, task clustering, workflow clustering},
}

% LIGO	
@article{LIGO,
 	author={Abbott et al., B. P.},
	title={LIGO: the Laser Interferometer Gravitational-Wave Observatory},
	journal={Reports on Progress in Physics},
	volume={72},
	number={7},
	pages={076901},
	year={2009},
}

% Chen Works'11
@inproceedings{Chen,
	author = {Chen, Weiwei and Deelman, Ewa},
	title = {Workflow overhead analysis and optimizations},
	booktitle = {Proceedings of the 6th workshop on Workflows in support of large-scale science},
	series = {WORKS '11},
	year = {2011},
	isbn = {978-1-4503-1100-7},
	location = {Seattle, Washington, USA},
	pages = {11--20},
	numpages = {10},
	keywords = {scientific workflows, workflow optimization, workflow overhead},
} 

% Overdecomposition
@inproceedings{Lifflander,
	author = {Lifflander, Jonathan and Krishnamoorthy, Sriram and Kale, Laxmikant V.},
	title = {Work stealing and persistence-based load balancers for iterative overdecomposed applications},
	booktitle = {Proceedings of the 21st international symposium on High-Performance Parallel and Distributed Computing},
	series = {HPDC '12},
	year = {2012},
	location = {Delft, The Netherlands},
	pages = {137--148},
	numpages = {12},
	address = {New York, NY, USA},
	keywords = {dynamic load balancing, hierarchical load balancer, iterative applications, persistence, task scheduling, work stealing},
}

% Chen - CCGrid
@INPROCEEDINGS{6217508,
	author={Weiwei Chen and Deelman, E.},
	booktitle={Cluster, Cloud and Grid Computing (CCGrid), 2012 12th IEEE/ACM International Symposium on},
	title={Integration of Workflow Partitioning and Resource Provisioning},
	year={2012},
	pages={764-768},
	keywords={resource allocation;scientific information systems;workflow management software;distributed resources;large-scale scientific workflow partitioning;large-scale workflow scheduling;resource cost;resource provisioning;scientific collaborations;workflow makespan;workflow management systems;Biological cells;Distributed computing;Dynamic scheduling;Heuristic algorithms;Partitioning algorithms;Processor scheduling;resource provisioning;scientific workflows;workflow partitioning},
}

%Pegasus
@article{Deelman:2005:PFM:1239649.1239653,
	author = {Deelman, Ewa and Singh, Gurmeet and Su, Mei-Hui and Blythe, James and Gil, Yolanda and Kesselman, Carl and Mehta, Gaurang and Vahi, Karan and Berriman, G. Bruce and Good, John and Laity, Anastasia and Jacob, Joseph C. and Katz, Daniel S.},
	title = {Pegasus: A framework for mapping complex scientific workflows onto distributed systems},
	journal = {Sci. Program.},
	issue_date = {July 2005},
	volume = {13},
	number = {3},
	month = jul,
	year = {2005},
	issn = {1058-9244},
	pages = {219--237},
	numpages = {19},
	acmid = {1239653},
 	publisher = {IOS Press},
	address = {Amsterdam, The Netherlands, The Netherlands},
} 

%Askalon
@article{Fahringer:2005:ATS:1064323.1064331,
	author = {Fahringer, Thomas and Jugravu, Alexandru and Pllana, Sabri and Prodan, Radu and Seragiotto,Jr., Clovis and Truong, Hong-Linh},
	title = {ASKALON: a tool set for cluster and Grid computing: Research Articles},
	journal = {Concurr. Comput. : Pract. Exper.},
	issue_date = {February 2005},
	volume = {17},
	number = {2-4},
	month = feb,
	year = {2005},
	issn = {1532-0626},
	pages = {143--169},
	numpages = {27},
	acmid = {1064331},
	publisher = {John Wiley and Sons Ltd.},
	address = {Chichester, UK},
	keywords = {Grid computing, bottleneck detection, cluster computing, experiment management, measurement and analysis, parallel and distributed applications, performance prediction},
} 

%Taverna
@article{Oinn:2006:TLC:1148437.1148448,
	author = {Oinn, Tom and Greenwood, Mark and Addis, Matthew and Alpdemir, M. Nedim and Ferris, Justin and Glover, Kevin and Goble, Carole and Goderis, Antoon and Hull, Duncan and Marvin, Darren and Li, Peter and Lord, Phillip and Pocock, Matthew R. and Senger, Martin and Stevens, Robert and Wipat, Anil and Wroe, Chris},
	title = {Taverna: lessons in creating a workflow environment for the life sciences: Research Articles},
	journal = {Concurr. Comput. : Pract. Exper.},
	issue_date = {August 2006},
	volume = {18},
	number = {10},
	month = aug,
	year = {2006},
	issn = {1532-0626},
	pages = {1067--1100},
	numpages = {34},
	acmid = {1148448},
	publisher = {John Wiley and Sons Ltd.},
	address = {Chichester, UK},
	keywords = {Semantic Grid environment, Web services, life sciences, scientific workflow},
} 
